%YAML 1.1
%TAG !u! tag:unity3d.com,2011:
--- !u!1001 &100100000
Prefab:
  m_ObjectHideFlags: 1
  serializedVersion: 2
  m_Modification:
    m_TransformParent: {fileID: 0}
    m_Modifications: []
    m_RemovedComponents: []
  m_SourcePrefab: {fileID: 0}
  m_RootGameObject: {fileID: 1109778337930730}
  m_IsPrefabAsset: 1
--- !u!1 &1044307526121928
GameObject:
  m_ObjectHideFlags: 1
  m_CorrespondingSourceObject: {fileID: 0}
  m_PrefabInternal: {fileID: 100100000}
  serializedVersion: 6
  m_Component:
  - component: {fileID: 4992824940715220}
  m_Layer: 0
  m_Name: Component_19_1
  m_TagString: Untagged
  m_Icon: {fileID: 0}
  m_NavMeshLayer: 0
  m_StaticEditorFlags: 0
  m_IsActive: 1
--- !u!1 &1093159392412174
GameObject:
  m_ObjectHideFlags: 1
  m_CorrespondingSourceObject: {fileID: 0}
  m_PrefabInternal: {fileID: 100100000}
  serializedVersion: 6
  m_Component:
  - component: {fileID: 4753175611540606}
  - component: {fileID: 33222586404499174}
  - component: {fileID: 23612905289900120}
  m_Layer: 0
  m_Name: Mesh9
  m_TagString: Untagged
  m_Icon: {fileID: 0}
  m_NavMeshLayer: 0
  m_StaticEditorFlags: 0
  m_IsActive: 1
--- !u!1 &1109778337930730
GameObject:
  m_ObjectHideFlags: 0
  m_CorrespondingSourceObject: {fileID: 0}
  m_PrefabInternal: {fileID: 100100000}
  serializedVersion: 6
  m_Component:
  - component: {fileID: 4738927412647406}
  m_Layer: 0
  m_Name: banegaard
  m_TagString: Untagged
  m_Icon: {fileID: 0}
  m_NavMeshLayer: 0
  m_StaticEditorFlags: 0
  m_IsActive: 1
--- !u!1 &1118439174999888
GameObject:
  m_ObjectHideFlags: 0
  m_CorrespondingSourceObject: {fileID: 0}
  m_PrefabInternal: {fileID: 100100000}
  serializedVersion: 6
  m_Component:
  - component: {fileID: 4556719535334438}
  - component: {fileID: 33394302408452548}
  - component: {fileID: 23926794693176088}
  m_Layer: 0
  m_Name: Mesh26
  m_TagString: Untagged
  m_Icon: {fileID: 0}
  m_NavMeshLayer: 0
  m_StaticEditorFlags: 0
  m_IsActive: 1
--- !u!1 &1134720591509168
GameObject:
  m_ObjectHideFlags: 1
  m_CorrespondingSourceObject: {fileID: 0}
  m_PrefabInternal: {fileID: 100100000}
  serializedVersion: 6
  m_Component:
  - component: {fileID: 4898301148687728}
  m_Layer: 0
  m_Name: Component_6_1
  m_TagString: Untagged
  m_Icon: {fileID: 0}
  m_NavMeshLayer: 0
  m_StaticEditorFlags: 0
  m_IsActive: 1
--- !u!1 &1141875796926268
GameObject:
  m_ObjectHideFlags: 1
  m_CorrespondingSourceObject: {fileID: 0}
  m_PrefabInternal: {fileID: 100100000}
  serializedVersion: 6
  m_Component:
  - component: {fileID: 4934197372775928}
  - component: {fileID: 33616698605926572}
  - component: {fileID: 23883459972432494}
  m_Layer: 0
  m_Name: Mesh10
  m_TagString: Untagged
  m_Icon: {fileID: 0}
  m_NavMeshLayer: 0
  m_StaticEditorFlags: 0
  m_IsActive: 1
--- !u!1 &1151715702138996
GameObject:
  m_ObjectHideFlags: 1
  m_CorrespondingSourceObject: {fileID: 0}
  m_PrefabInternal: {fileID: 100100000}
  serializedVersion: 6
  m_Component:
  - component: {fileID: 4848739855205412}
  - component: {fileID: 33519142328957128}
  - component: {fileID: 23010981336759544}
  m_Layer: 0
  m_Name: Mesh23
  m_TagString: Untagged
  m_Icon: {fileID: 0}
  m_NavMeshLayer: 0
  m_StaticEditorFlags: 0
  m_IsActive: 1
--- !u!1 &1165570512669122
GameObject:
  m_ObjectHideFlags: 1
  m_CorrespondingSourceObject: {fileID: 0}
  m_PrefabInternal: {fileID: 100100000}
  serializedVersion: 6
  m_Component:
  - component: {fileID: 4737195014521124}
  m_Layer: 0
  m_Name: Component_7_1
  m_TagString: Untagged
  m_Icon: {fileID: 0}
  m_NavMeshLayer: 0
  m_StaticEditorFlags: 0
  m_IsActive: 1
--- !u!1 &1168638330096294
GameObject:
  m_ObjectHideFlags: 1
  m_CorrespondingSourceObject: {fileID: 0}
  m_PrefabInternal: {fileID: 100100000}
  serializedVersion: 6
  m_Component:
  - component: {fileID: 4334989929744896}
  - component: {fileID: 33099905191566318}
  - component: {fileID: 23930457073871446}
  m_Layer: 0
  m_Name: Mesh12
  m_TagString: Untagged
  m_Icon: {fileID: 0}
  m_NavMeshLayer: 0
  m_StaticEditorFlags: 0
  m_IsActive: 1
--- !u!1 &1170410655734248
GameObject:
  m_ObjectHideFlags: 1
  m_CorrespondingSourceObject: {fileID: 0}
  m_PrefabInternal: {fileID: 100100000}
  serializedVersion: 6
  m_Component:
  - component: {fileID: 4278223602700528}
  m_Layer: 0
  m_Name: Component_17_1
  m_TagString: Untagged
  m_Icon: {fileID: 0}
  m_NavMeshLayer: 0
  m_StaticEditorFlags: 0
  m_IsActive: 1
--- !u!1 &1189397789867994
GameObject:
  m_ObjectHideFlags: 1
  m_CorrespondingSourceObject: {fileID: 0}
  m_PrefabInternal: {fileID: 100100000}
  serializedVersion: 6
  m_Component:
  - component: {fileID: 4231172272310740}
  m_Layer: 0
  m_Name: Component_8_1
  m_TagString: Untagged
  m_Icon: {fileID: 0}
  m_NavMeshLayer: 0
  m_StaticEditorFlags: 0
  m_IsActive: 1
--- !u!1 &1189657473709702
GameObject:
  m_ObjectHideFlags: 1
  m_CorrespondingSourceObject: {fileID: 0}
  m_PrefabInternal: {fileID: 100100000}
  serializedVersion: 6
  m_Component:
  - component: {fileID: 4968660646200314}
  m_Layer: 0
  m_Name: Component_1_1
  m_TagString: Untagged
  m_Icon: {fileID: 0}
  m_NavMeshLayer: 0
  m_StaticEditorFlags: 0
  m_IsActive: 1
--- !u!1 &1200943297154048
GameObject:
  m_ObjectHideFlags: 0
  m_CorrespondingSourceObject: {fileID: 0}
  m_PrefabInternal: {fileID: 100100000}
  serializedVersion: 6
  m_Component:
  - component: {fileID: 4725019642260268}
  m_Layer: 0
  m_Name: Google_Earth_Terrain
  m_TagString: Untagged
  m_Icon: {fileID: 0}
  m_NavMeshLayer: 0
  m_StaticEditorFlags: 0
  m_IsActive: 1
--- !u!1 &1230235235524136
GameObject:
  m_ObjectHideFlags: 1
  m_CorrespondingSourceObject: {fileID: 0}
  m_PrefabInternal: {fileID: 100100000}
  serializedVersion: 6
  m_Component:
  - component: {fileID: 4897046141336724}
  m_Layer: 0
  m_Name: Component_5_1
  m_TagString: Untagged
  m_Icon: {fileID: 0}
  m_NavMeshLayer: 0
  m_StaticEditorFlags: 0
  m_IsActive: 1
--- !u!1 &1272694142083014
GameObject:
  m_ObjectHideFlags: 1
  m_CorrespondingSourceObject: {fileID: 0}
  m_PrefabInternal: {fileID: 100100000}
  serializedVersion: 6
  m_Component:
  - component: {fileID: 4111954598731890}
  - component: {fileID: 33403452396184142}
  - component: {fileID: 23324333428310234}
  m_Layer: 0
  m_Name: Mesh7
  m_TagString: Untagged
  m_Icon: {fileID: 0}
  m_NavMeshLayer: 0
  m_StaticEditorFlags: 0
  m_IsActive: 1
--- !u!1 &1273070656074738
GameObject:
  m_ObjectHideFlags: 1
  m_CorrespondingSourceObject: {fileID: 0}
  m_PrefabInternal: {fileID: 100100000}
  serializedVersion: 6
  m_Component:
  - component: {fileID: 4213342534301132}
  m_Layer: 0
  m_Name: Component_3_1
  m_TagString: Untagged
  m_Icon: {fileID: 0}
  m_NavMeshLayer: 0
  m_StaticEditorFlags: 0
  m_IsActive: 1
--- !u!1 &1314074447530086
GameObject:
  m_ObjectHideFlags: 0
  m_CorrespondingSourceObject: {fileID: 0}
  m_PrefabInternal: {fileID: 100100000}
  serializedVersion: 6
  m_Component:
  - component: {fileID: 4770750315268914}
  m_Layer: 0
  m_Name: skpBE68_1
  m_TagString: Untagged
  m_Icon: {fileID: 0}
  m_NavMeshLayer: 0
  m_StaticEditorFlags: 0
  m_IsActive: 1
--- !u!1 &1343063506136556
GameObject:
  m_ObjectHideFlags: 1
  m_CorrespondingSourceObject: {fileID: 0}
  m_PrefabInternal: {fileID: 100100000}
  serializedVersion: 6
  m_Component:
  - component: {fileID: 4020918797852086}
  m_Layer: 0
  m_Name: Component_13_1
  m_TagString: Untagged
  m_Icon: {fileID: 0}
  m_NavMeshLayer: 0
  m_StaticEditorFlags: 0
  m_IsActive: 1
--- !u!1 &1360318561136370
GameObject:
  m_ObjectHideFlags: 1
  m_CorrespondingSourceObject: {fileID: 0}
  m_PrefabInternal: {fileID: 100100000}
  serializedVersion: 6
  m_Component:
  - component: {fileID: 4433064354887068}
  - component: {fileID: 33034140434371842}
  - component: {fileID: 23740486151337122}
  m_Layer: 0
  m_Name: Mesh13
  m_TagString: Untagged
  m_Icon: {fileID: 0}
  m_NavMeshLayer: 0
  m_StaticEditorFlags: 0
  m_IsActive: 1
--- !u!1 &1362210717709418
GameObject:
  m_ObjectHideFlags: 1
  m_CorrespondingSourceObject: {fileID: 0}
  m_PrefabInternal: {fileID: 100100000}
  serializedVersion: 6
  m_Component:
  - component: {fileID: 4160250975813806}
  m_Layer: 0
  m_Name: Component_14_1
  m_TagString: Untagged
  m_Icon: {fileID: 0}
  m_NavMeshLayer: 0
  m_StaticEditorFlags: 0
  m_IsActive: 1
--- !u!1 &1367050658761148
GameObject:
  m_ObjectHideFlags: 1
  m_CorrespondingSourceObject: {fileID: 0}
  m_PrefabInternal: {fileID: 100100000}
  serializedVersion: 6
  m_Component:
  - component: {fileID: 4223970916561910}
  - component: {fileID: 33226541085181358}
  - component: {fileID: 23632646894424710}
  m_Layer: 0
  m_Name: Mesh17
  m_TagString: Untagged
  m_Icon: {fileID: 0}
  m_NavMeshLayer: 0
  m_StaticEditorFlags: 0
  m_IsActive: 1
--- !u!1 &1371836174961846
GameObject:
  m_ObjectHideFlags: 0
  m_CorrespondingSourceObject: {fileID: 0}
  m_PrefabInternal: {fileID: 100100000}
  serializedVersion: 6
  m_Component:
  - component: {fileID: 4697438722641666}
  m_Layer: 0
  m_Name: Google_Earth_Terrain2
  m_TagString: Untagged
  m_Icon: {fileID: 0}
  m_NavMeshLayer: 0
  m_StaticEditorFlags: 0
  m_IsActive: 1
--- !u!1 &1378350880570096
GameObject:
  m_ObjectHideFlags: 0
  m_CorrespondingSourceObject: {fileID: 0}
  m_PrefabInternal: {fileID: 100100000}
  serializedVersion: 6
  m_Component:
  - component: {fileID: 4044977926015890}
  m_Layer: 0
  m_Name: Google_Earth_Snapshot2
  m_TagString: Untagged
  m_Icon: {fileID: 0}
  m_NavMeshLayer: 0
  m_StaticEditorFlags: 0
  m_IsActive: 1
--- !u!1 &1385360542269358
GameObject:
  m_ObjectHideFlags: 1
  m_CorrespondingSourceObject: {fileID: 0}
  m_PrefabInternal: {fileID: 100100000}
  serializedVersion: 6
  m_Component:
  - component: {fileID: 4313047700385550}
  - component: {fileID: 33381218482805910}
  - component: {fileID: 23501389971540422}
  m_Layer: 0
  m_Name: Mesh22
  m_TagString: Untagged
  m_Icon: {fileID: 0}
  m_NavMeshLayer: 0
  m_StaticEditorFlags: 0
  m_IsActive: 1
--- !u!1 &1414742975486380
GameObject:
  m_ObjectHideFlags: 1
  m_CorrespondingSourceObject: {fileID: 0}
  m_PrefabInternal: {fileID: 100100000}
  serializedVersion: 6
  m_Component:
  - component: {fileID: 4968644368681686}
  m_Layer: 0
  m_Name: Component_18_1
  m_TagString: Untagged
  m_Icon: {fileID: 0}
  m_NavMeshLayer: 0
  m_StaticEditorFlags: 0
  m_IsActive: 1
--- !u!1 &1437620064958254
GameObject:
  m_ObjectHideFlags: 0
  m_CorrespondingSourceObject: {fileID: 0}
  m_PrefabInternal: {fileID: 100100000}
  serializedVersion: 6
  m_Component:
  - component: {fileID: 4219383421109156}
  m_Layer: 0
  m_Name: Google_Earth_Terrain1
  m_TagString: Untagged
  m_Icon: {fileID: 0}
  m_NavMeshLayer: 0
  m_StaticEditorFlags: 0
  m_IsActive: 1
--- !u!1 &1448966832274232
GameObject:
  m_ObjectHideFlags: 1
  m_CorrespondingSourceObject: {fileID: 0}
  m_PrefabInternal: {fileID: 100100000}
  serializedVersion: 6
  m_Component:
  - component: {fileID: 4717565838088758}
  - component: {fileID: 33648460534668724}
  - component: {fileID: 23576666370212046}
  m_Layer: 0
  m_Name: Mesh24
  m_TagString: Untagged
  m_Icon: {fileID: 0}
  m_NavMeshLayer: 0
  m_StaticEditorFlags: 0
  m_IsActive: 1
--- !u!1 &1450857759978404
GameObject:
  m_ObjectHideFlags: 0
  m_CorrespondingSourceObject: {fileID: 0}
  m_PrefabInternal: {fileID: 100100000}
  serializedVersion: 6
  m_Component:
  - component: {fileID: 4365977974460306}
  m_Layer: 0
  m_Name: Google_Earth_Snapshot1
  m_TagString: Untagged
  m_Icon: {fileID: 0}
  m_NavMeshLayer: 0
  m_StaticEditorFlags: 0
  m_IsActive: 1
--- !u!1 &1455426710283536
GameObject:
  m_ObjectHideFlags: 1
  m_CorrespondingSourceObject: {fileID: 0}
  m_PrefabInternal: {fileID: 100100000}
  serializedVersion: 6
  m_Component:
  - component: {fileID: 4965880307996794}
  - component: {fileID: 33767923436861344}
  - component: {fileID: 23000825696661032}
  m_Layer: 0
  m_Name: Mesh14
  m_TagString: Untagged
  m_Icon: {fileID: 0}
  m_NavMeshLayer: 0
  m_StaticEditorFlags: 0
  m_IsActive: 1
--- !u!1 &1456800663941744
GameObject:
  m_ObjectHideFlags: 1
  m_CorrespondingSourceObject: {fileID: 0}
  m_PrefabInternal: {fileID: 100100000}
  serializedVersion: 6
  m_Component:
  - component: {fileID: 4814403609214678}
  - component: {fileID: 33055951820533568}
  - component: {fileID: 23072883729280710}
  m_Layer: 0
  m_Name: Mesh8
  m_TagString: Untagged
  m_Icon: {fileID: 0}
  m_NavMeshLayer: 0
  m_StaticEditorFlags: 0
  m_IsActive: 1
--- !u!1 &1527268016857824
GameObject:
  m_ObjectHideFlags: 1
  m_CorrespondingSourceObject: {fileID: 0}
  m_PrefabInternal: {fileID: 100100000}
  serializedVersion: 6
  m_Component:
  - component: {fileID: 4274643449222492}
  - component: {fileID: 33007525254729092}
  - component: {fileID: 23098963607032980}
  m_Layer: 0
  m_Name: Mesh21
  m_TagString: Untagged
  m_Icon: {fileID: 0}
  m_NavMeshLayer: 0
  m_StaticEditorFlags: 0
  m_IsActive: 1
--- !u!1 &1538905422919296
GameObject:
  m_ObjectHideFlags: 1
  m_CorrespondingSourceObject: {fileID: 0}
  m_PrefabInternal: {fileID: 100100000}
  serializedVersion: 6
  m_Component:
  - component: {fileID: 4301138356697010}
  - component: {fileID: 33601586437440388}
  - component: {fileID: 23707257708114326}
  m_Layer: 0
  m_Name: Mesh11
  m_TagString: Untagged
  m_Icon: {fileID: 0}
  m_NavMeshLayer: 0
  m_StaticEditorFlags: 0
  m_IsActive: 1
--- !u!1 &1563950743458698
GameObject:
  m_ObjectHideFlags: 1
  m_CorrespondingSourceObject: {fileID: 0}
  m_PrefabInternal: {fileID: 100100000}
  serializedVersion: 6
  m_Component:
  - component: {fileID: 4458520998100968}
  - component: {fileID: 33097223849881296}
  - component: {fileID: 23220819815920842}
  m_Layer: 0
  m_Name: Mesh20
  m_TagString: Untagged
  m_Icon: {fileID: 0}
  m_NavMeshLayer: 0
  m_StaticEditorFlags: 0
  m_IsActive: 1
--- !u!1 &1614055822049468
GameObject:
  m_ObjectHideFlags: 0
  m_CorrespondingSourceObject: {fileID: 0}
  m_PrefabInternal: {fileID: 100100000}
  serializedVersion: 6
  m_Component:
  - component: {fileID: 4563497180635266}
  - component: {fileID: 33114891879061166}
  - component: {fileID: 23313412866024230}
  m_Layer: 0
  m_Name: Mesh26 (1)
  m_TagString: Untagged
  m_Icon: {fileID: 0}
  m_NavMeshLayer: 0
  m_StaticEditorFlags: 0
  m_IsActive: 1
--- !u!1 &1631725026448486
GameObject:
  m_ObjectHideFlags: 1
  m_CorrespondingSourceObject: {fileID: 0}
  m_PrefabInternal: {fileID: 100100000}
  serializedVersion: 6
  m_Component:
  - component: {fileID: 4866522206841804}
  - component: {fileID: 33811487635702666}
  - component: {fileID: 23600001270852816}
  m_Layer: 0
  m_Name: Mesh18
  m_TagString: Untagged
  m_Icon: {fileID: 0}
  m_NavMeshLayer: 0
  m_StaticEditorFlags: 0
  m_IsActive: 1
--- !u!1 &1632059221736554
GameObject:
  m_ObjectHideFlags: 1
  m_CorrespondingSourceObject: {fileID: 0}
  m_PrefabInternal: {fileID: 100100000}
  serializedVersion: 6
  m_Component:
  - component: {fileID: 4495496084368528}
  - component: {fileID: 33959859908721916}
  - component: {fileID: 23607399043239584}
  m_Layer: 0
  m_Name: Mesh25
  m_TagString: Untagged
  m_Icon: {fileID: 0}
  m_NavMeshLayer: 0
  m_StaticEditorFlags: 0
  m_IsActive: 1
--- !u!1 &1676528536525474
GameObject:
  m_ObjectHideFlags: 1
  m_CorrespondingSourceObject: {fileID: 0}
  m_PrefabInternal: {fileID: 100100000}
  serializedVersion: 6
  m_Component:
  - component: {fileID: 4393309198264378}
  - component: {fileID: 33519630566376122}
  - component: {fileID: 23553976018186882}
  m_Layer: 0
  m_Name: Mesh19
  m_TagString: Untagged
  m_Icon: {fileID: 0}
  m_NavMeshLayer: 0
  m_StaticEditorFlags: 0
  m_IsActive: 1
--- !u!1 &1695540299907600
GameObject:
  m_ObjectHideFlags: 1
  m_CorrespondingSourceObject: {fileID: 0}
  m_PrefabInternal: {fileID: 100100000}
  serializedVersion: 6
  m_Component:
  - component: {fileID: 4670707205697932}
  - component: {fileID: 33836830264557224}
  - component: {fileID: 23460487775427508}
  m_Layer: 0
  m_Name: Mesh16
  m_TagString: Untagged
  m_Icon: {fileID: 0}
  m_NavMeshLayer: 0
  m_StaticEditorFlags: 0
  m_IsActive: 1
--- !u!1 &1708352895857320
GameObject:
  m_ObjectHideFlags: 1
  m_CorrespondingSourceObject: {fileID: 0}
  m_PrefabInternal: {fileID: 100100000}
  serializedVersion: 6
  m_Component:
  - component: {fileID: 4018828211723042}
  m_Layer: 0
  m_Name: Component_10_1
  m_TagString: Untagged
  m_Icon: {fileID: 0}
  m_NavMeshLayer: 0
  m_StaticEditorFlags: 0
  m_IsActive: 1
--- !u!1 &1761467968358182
GameObject:
  m_ObjectHideFlags: 1
  m_CorrespondingSourceObject: {fileID: 0}
  m_PrefabInternal: {fileID: 100100000}
  serializedVersion: 6
  m_Component:
  - component: {fileID: 4279034366710948}
  - component: {fileID: 33028749729033334}
  - component: {fileID: 23702298681171028}
  m_Layer: 0
  m_Name: Mesh15
  m_TagString: Untagged
  m_Icon: {fileID: 0}
  m_NavMeshLayer: 0
  m_StaticEditorFlags: 0
  m_IsActive: 1
--- !u!1 &1784220066136310
GameObject:
  m_ObjectHideFlags: 1
  m_CorrespondingSourceObject: {fileID: 0}
  m_PrefabInternal: {fileID: 100100000}
  serializedVersion: 6
  m_Component:
  - component: {fileID: 4487109219771304}
  m_Layer: 0
  m_Name: Component_4_1
  m_TagString: Untagged
  m_Icon: {fileID: 0}
  m_NavMeshLayer: 0
  m_StaticEditorFlags: 0
  m_IsActive: 1
--- !u!1 &1849821652458072
GameObject:
  m_ObjectHideFlags: 1
  m_CorrespondingSourceObject: {fileID: 0}
  m_PrefabInternal: {fileID: 100100000}
  serializedVersion: 6
  m_Component:
  - component: {fileID: 4911064881320956}
  m_Layer: 0
  m_Name: Component_15_1
  m_TagString: Untagged
  m_Icon: {fileID: 0}
  m_NavMeshLayer: 0
  m_StaticEditorFlags: 0
  m_IsActive: 1
--- !u!1 &1854670924701128
GameObject:
  m_ObjectHideFlags: 1
  m_CorrespondingSourceObject: {fileID: 0}
  m_PrefabInternal: {fileID: 100100000}
  serializedVersion: 6
  m_Component:
  - component: {fileID: 4751431472255860}
  m_Layer: 0
  m_Name: Component_2_1
  m_TagString: Untagged
  m_Icon: {fileID: 0}
  m_NavMeshLayer: 0
  m_StaticEditorFlags: 0
  m_IsActive: 1
--- !u!1 &1869365222563328
GameObject:
  m_ObjectHideFlags: 1
  m_CorrespondingSourceObject: {fileID: 0}
  m_PrefabInternal: {fileID: 100100000}
  serializedVersion: 6
  m_Component:
  - component: {fileID: 4158685109795020}
  m_Layer: 0
  m_Name: Component_11_1
  m_TagString: Untagged
  m_Icon: {fileID: 0}
  m_NavMeshLayer: 0
  m_StaticEditorFlags: 0
  m_IsActive: 1
--- !u!1 &1913315080337176
GameObject:
  m_ObjectHideFlags: 1
  m_CorrespondingSourceObject: {fileID: 0}
  m_PrefabInternal: {fileID: 100100000}
  serializedVersion: 6
  m_Component:
  - component: {fileID: 4005830688832702}
  m_Layer: 0
  m_Name: Component_20_1
  m_TagString: Untagged
  m_Icon: {fileID: 0}
  m_NavMeshLayer: 0
  m_StaticEditorFlags: 0
  m_IsActive: 1
--- !u!1 &1923935125192330
GameObject:
  m_ObjectHideFlags: 1
  m_CorrespondingSourceObject: {fileID: 0}
  m_PrefabInternal: {fileID: 100100000}
  serializedVersion: 6
  m_Component:
  - component: {fileID: 4393994949791078}
  m_Layer: 0
  m_Name: Component_16_1
  m_TagString: Untagged
  m_Icon: {fileID: 0}
  m_NavMeshLayer: 0
  m_StaticEditorFlags: 0
  m_IsActive: 1
--- !u!1 &1924331065435844
GameObject:
  m_ObjectHideFlags: 1
  m_CorrespondingSourceObject: {fileID: 0}
  m_PrefabInternal: {fileID: 100100000}
  serializedVersion: 6
  m_Component:
  - component: {fileID: 4422755637187318}
  m_Layer: 0
  m_Name: Component_9_1
  m_TagString: Untagged
  m_Icon: {fileID: 0}
  m_NavMeshLayer: 0
  m_StaticEditorFlags: 0
  m_IsActive: 1
--- !u!1 &1931554180581332
GameObject:
  m_ObjectHideFlags: 1
  m_CorrespondingSourceObject: {fileID: 0}
  m_PrefabInternal: {fileID: 100100000}
  serializedVersion: 6
  m_Component:
  - component: {fileID: 4511780577042574}
  m_Layer: 0
  m_Name: Component_12_1
  m_TagString: Untagged
  m_Icon: {fileID: 0}
  m_NavMeshLayer: 0
  m_StaticEditorFlags: 0
  m_IsActive: 1
--- !u!1 &1952945812617248
GameObject:
  m_ObjectHideFlags: 0
  m_CorrespondingSourceObject: {fileID: 0}
  m_PrefabInternal: {fileID: 100100000}
  serializedVersion: 6
  m_Component:
  - component: {fileID: 4126075657598552}
  m_Layer: 0
  m_Name: Google_Earth_Snapshot
  m_TagString: Untagged
  m_Icon: {fileID: 0}
  m_NavMeshLayer: 0
  m_StaticEditorFlags: 0
  m_IsActive: 1
--- !u!1 &1968110691211382
GameObject:
  m_ObjectHideFlags: 1
  m_CorrespondingSourceObject: {fileID: 0}
  m_PrefabInternal: {fileID: 100100000}
  serializedVersion: 6
  m_Component:
  - component: {fileID: 4951631340601214}
  m_Layer: 0
  m_Name: Component1
  m_TagString: Untagged
  m_Icon: {fileID: 0}
  m_NavMeshLayer: 0
  m_StaticEditorFlags: 0
  m_IsActive: 1
--- !u!4 &4005830688832702
Transform:
  m_ObjectHideFlags: 1
  m_CorrespondingSourceObject: {fileID: 0}
  m_PrefabInternal: {fileID: 100100000}
  m_GameObject: {fileID: 1913315080337176}
  m_LocalRotation: {x: 0, y: -0, z: -0, w: 1}
  m_LocalPosition: {x: -0, y: 0, z: 0}
  m_LocalScale: {x: 1, y: 1, z: 1}
  m_Children:
  - {fileID: 4495496084368528}
  m_Father: {fileID: 4951631340601214}
  m_RootOrder: 14
  m_LocalEulerAnglesHint: {x: 0, y: 0, z: 0}
--- !u!4 &4018828211723042
Transform:
  m_ObjectHideFlags: 1
  m_CorrespondingSourceObject: {fileID: 0}
  m_PrefabInternal: {fileID: 100100000}
  m_GameObject: {fileID: 1708352895857320}
  m_LocalRotation: {x: 0, y: -0, z: -0, w: 1}
  m_LocalPosition: {x: -0, y: 0, z: 0}
  m_LocalScale: {x: 1, y: 1, z: 1}
  m_Children:
  - {fileID: 4670707205697932}
  m_Father: {fileID: 4951631340601214}
  m_RootOrder: 6
  m_LocalEulerAnglesHint: {x: 0, y: 0, z: 0}
--- !u!4 &4020918797852086
Transform:
  m_ObjectHideFlags: 1
  m_CorrespondingSourceObject: {fileID: 0}
  m_PrefabInternal: {fileID: 100100000}
  m_GameObject: {fileID: 1343063506136556}
  m_LocalRotation: {x: 0, y: -0, z: -0, w: 1}
  m_LocalPosition: {x: -0, y: 0, z: 0}
  m_LocalScale: {x: 1, y: 1, z: 1}
  m_Children:
  - {fileID: 4160250975813806}
  - {fileID: 4911064881320956}
  m_Father: {fileID: 4951631340601214}
  m_RootOrder: 9
  m_LocalEulerAnglesHint: {x: 0, y: 0, z: 0}
--- !u!4 &4044977926015890
Transform:
  m_ObjectHideFlags: 1
  m_CorrespondingSourceObject: {fileID: 0}
  m_PrefabInternal: {fileID: 100100000}
  m_GameObject: {fileID: 1378350880570096}
  m_LocalRotation: {x: 0, y: -0, z: -0, w: 1}
  m_LocalPosition: {x: -0, y: 0, z: 0}
  m_LocalScale: {x: 1, y: 1, z: 1}
  m_Children: []
  m_Father: {fileID: 4738927412647406}
  m_RootOrder: 2
  m_LocalEulerAnglesHint: {x: 0, y: 0, z: 0}
--- !u!4 &4111954598731890
Transform:
  m_ObjectHideFlags: 1
  m_CorrespondingSourceObject: {fileID: 0}
  m_PrefabInternal: {fileID: 100100000}
  m_GameObject: {fileID: 1272694142083014}
  m_LocalRotation: {x: 0, y: -0, z: -0, w: 1}
  m_LocalPosition: {x: -0, y: 0, z: 0}
  m_LocalScale: {x: 1, y: 1, z: 1}
  m_Children: []
  m_Father: {fileID: 4751431472255860}
  m_RootOrder: 0
  m_LocalEulerAnglesHint: {x: 0, y: 0, z: 0}
--- !u!4 &4126075657598552
Transform:
  m_ObjectHideFlags: 1
  m_CorrespondingSourceObject: {fileID: 0}
  m_PrefabInternal: {fileID: 100100000}
  m_GameObject: {fileID: 1952945812617248}
  m_LocalRotation: {x: 0, y: -0, z: -0, w: 1}
  m_LocalPosition: {x: -0, y: 0, z: 0}
  m_LocalScale: {x: 1, y: 1, z: 1}
  m_Children: []
  m_Father: {fileID: 4738927412647406}
  m_RootOrder: 0
  m_LocalEulerAnglesHint: {x: 0, y: 0, z: 0}
--- !u!4 &4158685109795020
Transform:
  m_ObjectHideFlags: 1
  m_CorrespondingSourceObject: {fileID: 0}
  m_PrefabInternal: {fileID: 100100000}
  m_GameObject: {fileID: 1869365222563328}
  m_LocalRotation: {x: 0, y: -0, z: -0, w: 1}
  m_LocalPosition: {x: -0, y: 0, z: 0}
  m_LocalScale: {x: 1, y: 1, z: 1}
  m_Children:
  - {fileID: 4223970916561910}
  m_Father: {fileID: 4951631340601214}
  m_RootOrder: 7
  m_LocalEulerAnglesHint: {x: 0, y: 0, z: 0}
--- !u!4 &4160250975813806
Transform:
  m_ObjectHideFlags: 1
  m_CorrespondingSourceObject: {fileID: 0}
  m_PrefabInternal: {fileID: 100100000}
  m_GameObject: {fileID: 1362210717709418}
  m_LocalRotation: {x: 0, y: -0, z: -0, w: 1}
  m_LocalPosition: {x: -0, y: 0, z: 0}
  m_LocalScale: {x: 1, y: 1, z: 1}
  m_Children:
  - {fileID: 4393309198264378}
  m_Father: {fileID: 4020918797852086}
  m_RootOrder: 0
  m_LocalEulerAnglesHint: {x: 0, y: 0, z: 0}
--- !u!4 &4213342534301132
Transform:
  m_ObjectHideFlags: 1
  m_CorrespondingSourceObject: {fileID: 0}
  m_PrefabInternal: {fileID: 100100000}
  m_GameObject: {fileID: 1273070656074738}
  m_LocalRotation: {x: 0, y: -0, z: -0, w: 1}
  m_LocalPosition: {x: -0, y: 0, z: 0}
  m_LocalScale: {x: 1, y: 1, z: 1}
  m_Children:
  - {fileID: 4814403609214678}
  m_Father: {fileID: 4968660646200314}
  m_RootOrder: 1
  m_LocalEulerAnglesHint: {x: 0, y: 0, z: 0}
--- !u!4 &4219383421109156
Transform:
  m_ObjectHideFlags: 1
  m_CorrespondingSourceObject: {fileID: 0}
  m_PrefabInternal: {fileID: 100100000}
  m_GameObject: {fileID: 1437620064958254}
  m_LocalRotation: {x: 0, y: -0, z: -0, w: 1}
  m_LocalPosition: {x: -0, y: 0, z: 0}
  m_LocalScale: {x: 1, y: 1, z: 1}
  m_Children: []
  m_Father: {fileID: 4738927412647406}
  m_RootOrder: 4
  m_LocalEulerAnglesHint: {x: 0, y: 0, z: 0}
--- !u!4 &4223970916561910
Transform:
  m_ObjectHideFlags: 1
  m_CorrespondingSourceObject: {fileID: 0}
  m_PrefabInternal: {fileID: 100100000}
  m_GameObject: {fileID: 1367050658761148}
  m_LocalRotation: {x: 0, y: -0, z: -0, w: 1}
  m_LocalPosition: {x: -0, y: 0, z: 0}
  m_LocalScale: {x: 1, y: 1, z: 1}
  m_Children: []
  m_Father: {fileID: 4158685109795020}
  m_RootOrder: 0
  m_LocalEulerAnglesHint: {x: 0, y: 0, z: 0}
--- !u!4 &4231172272310740
Transform:
  m_ObjectHideFlags: 1
  m_CorrespondingSourceObject: {fileID: 0}
  m_PrefabInternal: {fileID: 100100000}
  m_GameObject: {fileID: 1189397789867994}
  m_LocalRotation: {x: 0, y: -0, z: -0, w: 1}
  m_LocalPosition: {x: -0, y: 0, z: 0}
  m_LocalScale: {x: 1, y: 1, z: 1}
  m_Children:
  - {fileID: 4965880307996794}
  m_Father: {fileID: 4951631340601214}
  m_RootOrder: 4
  m_LocalEulerAnglesHint: {x: 0, y: 0, z: 0}
--- !u!4 &4274643449222492
Transform:
  m_ObjectHideFlags: 1
  m_CorrespondingSourceObject: {fileID: 0}
  m_PrefabInternal: {fileID: 100100000}
  m_GameObject: {fileID: 1527268016857824}
  m_LocalRotation: {x: 0, y: -0, z: -0, w: 1}
  m_LocalPosition: {x: -0, y: 0, z: 0}
  m_LocalScale: {x: 1, y: 1, z: 1}
  m_Children: []
  m_Father: {fileID: 4393994949791078}
  m_RootOrder: 0
  m_LocalEulerAnglesHint: {x: 0, y: 0, z: 0}
--- !u!4 &4278223602700528
Transform:
  m_ObjectHideFlags: 1
  m_CorrespondingSourceObject: {fileID: 0}
  m_PrefabInternal: {fileID: 100100000}
  m_GameObject: {fileID: 1170410655734248}
  m_LocalRotation: {x: 0, y: -0, z: -0, w: 1}
  m_LocalPosition: {x: -0, y: 0, z: 0}
  m_LocalScale: {x: 1, y: 1, z: 1}
  m_Children:
  - {fileID: 4313047700385550}
  m_Father: {fileID: 4951631340601214}
  m_RootOrder: 11
  m_LocalEulerAnglesHint: {x: 0, y: 0, z: 0}
--- !u!4 &4279034366710948
Transform:
  m_ObjectHideFlags: 1
  m_CorrespondingSourceObject: {fileID: 0}
  m_PrefabInternal: {fileID: 100100000}
  m_GameObject: {fileID: 1761467968358182}
  m_LocalRotation: {x: 0, y: -0, z: -0, w: 1}
  m_LocalPosition: {x: -0, y: 0, z: 0}
  m_LocalScale: {x: 1, y: 1, z: 1}
  m_Children: []
  m_Father: {fileID: 4422755637187318}
  m_RootOrder: 0
  m_LocalEulerAnglesHint: {x: 0, y: 0, z: 0}
--- !u!4 &4301138356697010
Transform:
  m_ObjectHideFlags: 1
  m_CorrespondingSourceObject: {fileID: 0}
  m_PrefabInternal: {fileID: 100100000}
  m_GameObject: {fileID: 1538905422919296}
  m_LocalRotation: {x: 0, y: -0, z: -0, w: 1}
  m_LocalPosition: {x: -0, y: 0, z: 0}
  m_LocalScale: {x: 1, y: 1, z: 1}
  m_Children: []
  m_Father: {fileID: 4487109219771304}
  m_RootOrder: 1
  m_LocalEulerAnglesHint: {x: 0, y: 0, z: 0}
--- !u!4 &4313047700385550
Transform:
  m_ObjectHideFlags: 1
  m_CorrespondingSourceObject: {fileID: 0}
  m_PrefabInternal: {fileID: 100100000}
  m_GameObject: {fileID: 1385360542269358}
  m_LocalRotation: {x: 0, y: -0, z: -0, w: 1}
  m_LocalPosition: {x: -0, y: 0, z: 0}
  m_LocalScale: {x: 1, y: 1, z: 1}
  m_Children: []
  m_Father: {fileID: 4278223602700528}
  m_RootOrder: 0
  m_LocalEulerAnglesHint: {x: 0, y: 0, z: 0}
--- !u!4 &4334989929744896
Transform:
  m_ObjectHideFlags: 1
  m_CorrespondingSourceObject: {fileID: 0}
  m_PrefabInternal: {fileID: 100100000}
  m_GameObject: {fileID: 1168638330096294}
  m_LocalRotation: {x: 0, y: -0, z: -0, w: 1}
  m_LocalPosition: {x: -0, y: 0, z: 0}
  m_LocalScale: {x: 1, y: 1, z: 1}
  m_Children: []
  m_Father: {fileID: 4898301148687728}
  m_RootOrder: 0
  m_LocalEulerAnglesHint: {x: 0, y: 0, z: 0}
--- !u!4 &4365977974460306
Transform:
  m_ObjectHideFlags: 1
  m_CorrespondingSourceObject: {fileID: 0}
  m_PrefabInternal: {fileID: 100100000}
  m_GameObject: {fileID: 1450857759978404}
  m_LocalRotation: {x: 0, y: -0, z: -0, w: 1}
  m_LocalPosition: {x: -0, y: 0, z: 0}
  m_LocalScale: {x: 1, y: 1, z: 1}
  m_Children: []
  m_Father: {fileID: 4738927412647406}
  m_RootOrder: 1
  m_LocalEulerAnglesHint: {x: 0, y: 0, z: 0}
--- !u!4 &4393309198264378
Transform:
  m_ObjectHideFlags: 1
  m_CorrespondingSourceObject: {fileID: 0}
  m_PrefabInternal: {fileID: 100100000}
  m_GameObject: {fileID: 1676528536525474}
  m_LocalRotation: {x: 0, y: -0, z: -0, w: 1}
  m_LocalPosition: {x: -0, y: 0, z: 0}
  m_LocalScale: {x: 1, y: 1, z: 1}
  m_Children: []
  m_Father: {fileID: 4160250975813806}
  m_RootOrder: 0
  m_LocalEulerAnglesHint: {x: 0, y: 0, z: 0}
--- !u!4 &4393994949791078
Transform:
  m_ObjectHideFlags: 1
  m_CorrespondingSourceObject: {fileID: 0}
  m_PrefabInternal: {fileID: 100100000}
  m_GameObject: {fileID: 1923935125192330}
  m_LocalRotation: {x: 0, y: -0, z: -0, w: 1}
  m_LocalPosition: {x: -0, y: 0, z: 0}
  m_LocalScale: {x: 1, y: 1, z: 1}
  m_Children:
  - {fileID: 4274643449222492}
  m_Father: {fileID: 4951631340601214}
  m_RootOrder: 10
  m_LocalEulerAnglesHint: {x: 0, y: 0, z: 0}
--- !u!4 &4422755637187318
Transform:
  m_ObjectHideFlags: 1
  m_CorrespondingSourceObject: {fileID: 0}
  m_PrefabInternal: {fileID: 100100000}
  m_GameObject: {fileID: 1924331065435844}
  m_LocalRotation: {x: 0, y: -0, z: -0, w: 1}
  m_LocalPosition: {x: -0, y: 0, z: 0}
  m_LocalScale: {x: 1, y: 1, z: 1}
  m_Children:
  - {fileID: 4279034366710948}
  m_Father: {fileID: 4951631340601214}
  m_RootOrder: 5
  m_LocalEulerAnglesHint: {x: 0, y: 0, z: 0}
--- !u!4 &4433064354887068
Transform:
  m_ObjectHideFlags: 1
  m_CorrespondingSourceObject: {fileID: 0}
  m_PrefabInternal: {fileID: 100100000}
  m_GameObject: {fileID: 1360318561136370}
  m_LocalRotation: {x: 0, y: -0, z: -0, w: 1}
  m_LocalPosition: {x: -0, y: 0, z: 0}
  m_LocalScale: {x: 1, y: 1, z: 1}
  m_Children: []
  m_Father: {fileID: 4737195014521124}
  m_RootOrder: 0
  m_LocalEulerAnglesHint: {x: 0, y: 0, z: 0}
--- !u!4 &4458520998100968
Transform:
  m_ObjectHideFlags: 1
  m_CorrespondingSourceObject: {fileID: 0}
  m_PrefabInternal: {fileID: 100100000}
  m_GameObject: {fileID: 1563950743458698}
  m_LocalRotation: {x: 0, y: -0, z: -0, w: 1}
  m_LocalPosition: {x: -0, y: 0, z: 0}
  m_LocalScale: {x: 1, y: 1, z: 1}
  m_Children: []
  m_Father: {fileID: 4911064881320956}
  m_RootOrder: 0
  m_LocalEulerAnglesHint: {x: 0, y: 0, z: 0}
--- !u!4 &4487109219771304
Transform:
  m_ObjectHideFlags: 1
  m_CorrespondingSourceObject: {fileID: 0}
  m_PrefabInternal: {fileID: 100100000}
  m_GameObject: {fileID: 1784220066136310}
  m_LocalRotation: {x: 0, y: -0, z: -0, w: 1}
  m_LocalPosition: {x: -0, y: 0, z: 0}
  m_LocalScale: {x: 1, y: 1, z: 1}
  m_Children:
  - {fileID: 4897046141336724}
  - {fileID: 4301138356697010}
  m_Father: {fileID: 4951631340601214}
  m_RootOrder: 1
  m_LocalEulerAnglesHint: {x: 0, y: 0, z: 0}
--- !u!4 &4495496084368528
Transform:
  m_ObjectHideFlags: 1
  m_CorrespondingSourceObject: {fileID: 0}
  m_PrefabInternal: {fileID: 100100000}
  m_GameObject: {fileID: 1632059221736554}
  m_LocalRotation: {x: 0, y: -0, z: -0, w: 1}
  m_LocalPosition: {x: -0, y: 0, z: 0}
  m_LocalScale: {x: 1, y: 1, z: 1}
  m_Children: []
  m_Father: {fileID: 4005830688832702}
  m_RootOrder: 0
  m_LocalEulerAnglesHint: {x: 0, y: 0, z: 0}
--- !u!4 &4511780577042574
Transform:
  m_ObjectHideFlags: 1
  m_CorrespondingSourceObject: {fileID: 0}
  m_PrefabInternal: {fileID: 100100000}
  m_GameObject: {fileID: 1931554180581332}
  m_LocalRotation: {x: 0, y: -0, z: -0, w: 1}
  m_LocalPosition: {x: -0, y: 0, z: 0}
  m_LocalScale: {x: 1, y: 1, z: 1}
  m_Children:
  - {fileID: 4866522206841804}
  m_Father: {fileID: 4951631340601214}
  m_RootOrder: 8
  m_LocalEulerAnglesHint: {x: 0, y: 0, z: 0}
--- !u!4 &4556719535334438
Transform:
  m_ObjectHideFlags: 1
  m_CorrespondingSourceObject: {fileID: 0}
  m_PrefabInternal: {fileID: 100100000}
  m_GameObject: {fileID: 1118439174999888}
  m_LocalRotation: {x: 0, y: -0, z: -0, w: 1}
  m_LocalPosition: {x: -0, y: 0, z: 0}
  m_LocalScale: {x: 1, y: 1, z: 1}
  m_Children: []
  m_Father: {fileID: 4738927412647406}
  m_RootOrder: 6
  m_LocalEulerAnglesHint: {x: 0, y: 0, z: 0}
--- !u!4 &4563497180635266
Transform:
  m_ObjectHideFlags: 1
  m_CorrespondingSourceObject: {fileID: 0}
  m_PrefabInternal: {fileID: 100100000}
  m_GameObject: {fileID: 1614055822049468}
  m_LocalRotation: {x: -0, y: 0.21099906, z: -0, w: 0.97748625}
  m_LocalPosition: {x: 0.008, y: 0, z: 0.049}
  m_LocalScale: {x: 1, y: 1, z: -1}
  m_Children: []
  m_Father: {fileID: 4738927412647406}
  m_RootOrder: 8
  m_LocalEulerAnglesHint: {x: 0, y: 24.362001, z: 0}
--- !u!4 &4670707205697932
Transform:
  m_ObjectHideFlags: 1
  m_CorrespondingSourceObject: {fileID: 0}
  m_PrefabInternal: {fileID: 100100000}
  m_GameObject: {fileID: 1695540299907600}
  m_LocalRotation: {x: 0, y: -0, z: -0, w: 1}
  m_LocalPosition: {x: -0, y: 0, z: 0}
  m_LocalScale: {x: 1, y: 1, z: 1}
  m_Children: []
  m_Father: {fileID: 4018828211723042}
  m_RootOrder: 0
  m_LocalEulerAnglesHint: {x: 0, y: 0, z: 0}
--- !u!4 &4697438722641666
Transform:
  m_ObjectHideFlags: 1
  m_CorrespondingSourceObject: {fileID: 0}
  m_PrefabInternal: {fileID: 100100000}
  m_GameObject: {fileID: 1371836174961846}
  m_LocalRotation: {x: 0, y: -0, z: -0, w: 1}
  m_LocalPosition: {x: -0, y: 0, z: 0}
  m_LocalScale: {x: 1, y: 1, z: 1}
  m_Children: []
  m_Father: {fileID: 4738927412647406}
  m_RootOrder: 5
  m_LocalEulerAnglesHint: {x: 0, y: 0, z: 0}
--- !u!4 &4717565838088758
Transform:
  m_ObjectHideFlags: 1
  m_CorrespondingSourceObject: {fileID: 0}
  m_PrefabInternal: {fileID: 100100000}
  m_GameObject: {fileID: 1448966832274232}
  m_LocalRotation: {x: 0, y: -0, z: -0, w: 1}
  m_LocalPosition: {x: -0, y: 0, z: 0}
  m_LocalScale: {x: 1, y: 1, z: 1}
  m_Children: []
  m_Father: {fileID: 4992824940715220}
  m_RootOrder: 0
  m_LocalEulerAnglesHint: {x: 0, y: 0, z: 0}
--- !u!4 &4725019642260268
Transform:
  m_ObjectHideFlags: 1
  m_CorrespondingSourceObject: {fileID: 0}
  m_PrefabInternal: {fileID: 100100000}
  m_GameObject: {fileID: 1200943297154048}
  m_LocalRotation: {x: 0, y: -0, z: -0, w: 1}
  m_LocalPosition: {x: -0, y: 0, z: 0}
  m_LocalScale: {x: 1, y: 1, z: 1}
  m_Children: []
  m_Father: {fileID: 4738927412647406}
  m_RootOrder: 3
  m_LocalEulerAnglesHint: {x: 0, y: 0, z: 0}
--- !u!4 &4737195014521124
Transform:
  m_ObjectHideFlags: 1
  m_CorrespondingSourceObject: {fileID: 0}
  m_PrefabInternal: {fileID: 100100000}
  m_GameObject: {fileID: 1165570512669122}
  m_LocalRotation: {x: 0, y: -0, z: -0, w: 1}
  m_LocalPosition: {x: -0, y: 0, z: 0}
  m_LocalScale: {x: 1, y: 1, z: 1}
  m_Children:
  - {fileID: 4433064354887068}
  m_Father: {fileID: 4951631340601214}
  m_RootOrder: 3
  m_LocalEulerAnglesHint: {x: 0, y: 0, z: 0}
--- !u!4 &4738927412647406
Transform:
  m_ObjectHideFlags: 1
  m_CorrespondingSourceObject: {fileID: 0}
  m_PrefabInternal: {fileID: 100100000}
  m_GameObject: {fileID: 1109778337930730}
  m_LocalRotation: {x: 0, y: -0, z: -0, w: 1}
  m_LocalPosition: {x: -0.462, y: -1.62, z: 2.102}
  m_LocalScale: {x: 1, y: 1, z: 1}
  m_Children:
  - {fileID: 4126075657598552}
  - {fileID: 4365977974460306}
  - {fileID: 4044977926015890}
  - {fileID: 4725019642260268}
  - {fileID: 4219383421109156}
  - {fileID: 4697438722641666}
  - {fileID: 4556719535334438}
  - {fileID: 4770750315268914}
  - {fileID: 4563497180635266}
  m_Father: {fileID: 0}
  m_RootOrder: 0
  m_LocalEulerAnglesHint: {x: 0, y: 0, z: 0}
--- !u!4 &4751431472255860
Transform:
  m_ObjectHideFlags: 1
  m_CorrespondingSourceObject: {fileID: 0}
  m_PrefabInternal: {fileID: 100100000}
  m_GameObject: {fileID: 1854670924701128}
  m_LocalRotation: {x: 0, y: -0, z: -0, w: 1}
  m_LocalPosition: {x: -0, y: 0, z: 0}
  m_LocalScale: {x: 1, y: 1, z: 1}
  m_Children:
  - {fileID: 4111954598731890}
  m_Father: {fileID: 4968660646200314}
  m_RootOrder: 0
  m_LocalEulerAnglesHint: {x: 0, y: 0, z: 0}
--- !u!4 &4753175611540606
Transform:
  m_ObjectHideFlags: 1
  m_CorrespondingSourceObject: {fileID: 0}
  m_PrefabInternal: {fileID: 100100000}
  m_GameObject: {fileID: 1093159392412174}
  m_LocalRotation: {x: 0, y: -0, z: -0, w: 1}
  m_LocalPosition: {x: -0, y: 0, z: 0}
  m_LocalScale: {x: 1, y: 1, z: 1}
  m_Children: []
  m_Father: {fileID: 4968660646200314}
  m_RootOrder: 2
  m_LocalEulerAnglesHint: {x: 0, y: 0, z: 0}
--- !u!4 &4770750315268914
Transform:
  m_ObjectHideFlags: 1
  m_CorrespondingSourceObject: {fileID: 0}
  m_PrefabInternal: {fileID: 100100000}
  m_GameObject: {fileID: 1314074447530086}
  m_LocalRotation: {x: 0, y: -0, z: -0, w: 1}
  m_LocalPosition: {x: -0, y: 0, z: 0}
  m_LocalScale: {x: 1, y: 1, z: 1}
  m_Children:
  - {fileID: 4951631340601214}
  m_Father: {fileID: 4738927412647406}
  m_RootOrder: 7
  m_LocalEulerAnglesHint: {x: 0, y: 0, z: 0}
--- !u!4 &4814403609214678
Transform:
  m_ObjectHideFlags: 1
  m_CorrespondingSourceObject: {fileID: 0}
  m_PrefabInternal: {fileID: 100100000}
  m_GameObject: {fileID: 1456800663941744}
  m_LocalRotation: {x: 0, y: -0, z: -0, w: 1}
  m_LocalPosition: {x: -0, y: 0, z: 0}
  m_LocalScale: {x: 1, y: 1, z: 1}
  m_Children: []
  m_Father: {fileID: 4213342534301132}
  m_RootOrder: 0
  m_LocalEulerAnglesHint: {x: 0, y: 0, z: 0}
--- !u!4 &4848739855205412
Transform:
  m_ObjectHideFlags: 1
  m_CorrespondingSourceObject: {fileID: 0}
  m_PrefabInternal: {fileID: 100100000}
  m_GameObject: {fileID: 1151715702138996}
  m_LocalRotation: {x: 0, y: -0, z: -0, w: 1}
  m_LocalPosition: {x: -0, y: 0, z: 0}
  m_LocalScale: {x: 1, y: 1, z: 1}
  m_Children: []
  m_Father: {fileID: 4968644368681686}
  m_RootOrder: 0
  m_LocalEulerAnglesHint: {x: 0, y: 0, z: 0}
--- !u!4 &4866522206841804
Transform:
  m_ObjectHideFlags: 1
  m_CorrespondingSourceObject: {fileID: 0}
  m_PrefabInternal: {fileID: 100100000}
  m_GameObject: {fileID: 1631725026448486}
  m_LocalRotation: {x: 0, y: -0, z: -0, w: 1}
  m_LocalPosition: {x: -0, y: 0, z: 0}
  m_LocalScale: {x: 1, y: 1, z: 1}
  m_Children: []
  m_Father: {fileID: 4511780577042574}
  m_RootOrder: 0
  m_LocalEulerAnglesHint: {x: 0, y: 0, z: 0}
--- !u!4 &4897046141336724
Transform:
  m_ObjectHideFlags: 1
  m_CorrespondingSourceObject: {fileID: 0}
  m_PrefabInternal: {fileID: 100100000}
  m_GameObject: {fileID: 1230235235524136}
  m_LocalRotation: {x: 0, y: -0, z: -0, w: 1}
  m_LocalPosition: {x: -0, y: 0, z: 0}
  m_LocalScale: {x: 1, y: 1, z: 1}
  m_Children:
  - {fileID: 4934197372775928}
  m_Father: {fileID: 4487109219771304}
  m_RootOrder: 0
  m_LocalEulerAnglesHint: {x: 0, y: 0, z: 0}
--- !u!4 &4898301148687728
Transform:
  m_ObjectHideFlags: 1
  m_CorrespondingSourceObject: {fileID: 0}
  m_PrefabInternal: {fileID: 100100000}
  m_GameObject: {fileID: 1134720591509168}
  m_LocalRotation: {x: 0, y: -0, z: -0, w: 1}
  m_LocalPosition: {x: -0, y: 0, z: 0}
  m_LocalScale: {x: 1, y: 1, z: 1}
  m_Children:
  - {fileID: 4334989929744896}
  m_Father: {fileID: 4951631340601214}
  m_RootOrder: 2
  m_LocalEulerAnglesHint: {x: 0, y: 0, z: 0}
--- !u!4 &4911064881320956
Transform:
  m_ObjectHideFlags: 1
  m_CorrespondingSourceObject: {fileID: 0}
  m_PrefabInternal: {fileID: 100100000}
  m_GameObject: {fileID: 1849821652458072}
  m_LocalRotation: {x: 0, y: -0, z: -0, w: 1}
  m_LocalPosition: {x: -0, y: 0, z: 0}
  m_LocalScale: {x: 1, y: 1, z: 1}
  m_Children:
  - {fileID: 4458520998100968}
  m_Father: {fileID: 4020918797852086}
  m_RootOrder: 1
  m_LocalEulerAnglesHint: {x: 0, y: 0, z: 0}
--- !u!4 &4934197372775928
Transform:
  m_ObjectHideFlags: 1
  m_CorrespondingSourceObject: {fileID: 0}
  m_PrefabInternal: {fileID: 100100000}
  m_GameObject: {fileID: 1141875796926268}
  m_LocalRotation: {x: 0, y: -0, z: -0, w: 1}
  m_LocalPosition: {x: -0, y: 0, z: 0}
  m_LocalScale: {x: 1, y: 1, z: 1}
  m_Children: []
  m_Father: {fileID: 4897046141336724}
  m_RootOrder: 0
  m_LocalEulerAnglesHint: {x: 0, y: 0, z: 0}
--- !u!4 &4951631340601214
Transform:
  m_ObjectHideFlags: 1
  m_CorrespondingSourceObject: {fileID: 0}
  m_PrefabInternal: {fileID: 100100000}
  m_GameObject: {fileID: 1968110691211382}
  m_LocalRotation: {x: 0, y: -0, z: -0, w: 1}
  m_LocalPosition: {x: -0, y: 0, z: 0}
  m_LocalScale: {x: 1, y: 1, z: 1}
  m_Children:
  - {fileID: 4968660646200314}
  - {fileID: 4487109219771304}
  - {fileID: 4898301148687728}
  - {fileID: 4737195014521124}
  - {fileID: 4231172272310740}
  - {fileID: 4422755637187318}
  - {fileID: 4018828211723042}
  - {fileID: 4158685109795020}
  - {fileID: 4511780577042574}
  - {fileID: 4020918797852086}
  - {fileID: 4393994949791078}
  - {fileID: 4278223602700528}
  - {fileID: 4968644368681686}
  - {fileID: 4992824940715220}
  - {fileID: 4005830688832702}
  m_Father: {fileID: 4770750315268914}
  m_RootOrder: 0
  m_LocalEulerAnglesHint: {x: 0, y: 0, z: 0}
--- !u!4 &4965880307996794
Transform:
  m_ObjectHideFlags: 1
  m_CorrespondingSourceObject: {fileID: 0}
  m_PrefabInternal: {fileID: 100100000}
  m_GameObject: {fileID: 1455426710283536}
  m_LocalRotation: {x: 0, y: -0, z: -0, w: 1}
  m_LocalPosition: {x: -0, y: 0, z: 0}
  m_LocalScale: {x: 1, y: 1, z: 1}
  m_Children: []
  m_Father: {fileID: 4231172272310740}
  m_RootOrder: 0
  m_LocalEulerAnglesHint: {x: 0, y: 0, z: 0}
--- !u!4 &4968644368681686
Transform:
  m_ObjectHideFlags: 1
  m_CorrespondingSourceObject: {fileID: 0}
  m_PrefabInternal: {fileID: 100100000}
  m_GameObject: {fileID: 1414742975486380}
  m_LocalRotation: {x: 0, y: -0, z: -0, w: 1}
  m_LocalPosition: {x: -0, y: 0, z: 0}
  m_LocalScale: {x: 1, y: 1, z: 1}
  m_Children:
  - {fileID: 4848739855205412}
  m_Father: {fileID: 4951631340601214}
  m_RootOrder: 12
  m_LocalEulerAnglesHint: {x: 0, y: 0, z: 0}
--- !u!4 &4968660646200314
Transform:
  m_ObjectHideFlags: 1
  m_CorrespondingSourceObject: {fileID: 0}
  m_PrefabInternal: {fileID: 100100000}
  m_GameObject: {fileID: 1189657473709702}
  m_LocalRotation: {x: 0, y: -0, z: -0, w: 1}
  m_LocalPosition: {x: -0, y: 0, z: 0}
  m_LocalScale: {x: 1, y: 1, z: 1}
  m_Children:
  - {fileID: 4751431472255860}
  - {fileID: 4213342534301132}
  - {fileID: 4753175611540606}
  m_Father: {fileID: 4951631340601214}
  m_RootOrder: 0
  m_LocalEulerAnglesHint: {x: 0, y: 0, z: 0}
--- !u!4 &4992824940715220
Transform:
  m_ObjectHideFlags: 1
  m_CorrespondingSourceObject: {fileID: 0}
  m_PrefabInternal: {fileID: 100100000}
  m_GameObject: {fileID: 1044307526121928}
  m_LocalRotation: {x: 0, y: -0, z: -0, w: 1}
  m_LocalPosition: {x: -0, y: 0, z: 0}
  m_LocalScale: {x: 1, y: 1, z: 1}
  m_Children:
  - {fileID: 4717565838088758}
  m_Father: {fileID: 4951631340601214}
  m_RootOrder: 13
  m_LocalEulerAnglesHint: {x: 0, y: 0, z: 0}
--- !u!23 &23000825696661032
MeshRenderer:
  m_ObjectHideFlags: 1
  m_CorrespondingSourceObject: {fileID: 0}
  m_PrefabInternal: {fileID: 100100000}
  m_GameObject: {fileID: 1455426710283536}
  m_Enabled: 1
  m_CastShadows: 1
  m_ReceiveShadows: 1
  m_DynamicOccludee: 1
  m_MotionVectors: 1
  m_LightProbeUsage: 1
  m_ReflectionProbeUsage: 1
  m_RenderingLayerMask: 4294967295
  m_Materials:
  - {fileID: 2100000, guid: dd1c02d812775ae4da5f574dda600ecd, type: 2}
  - {fileID: 2100000, guid: 49912cc8455819c469565fdc7f8a3a2d, type: 2}
  - {fileID: 2100000, guid: e699bc93bd3b30b4b8832cb97313b228, type: 2}
  m_StaticBatchInfo:
    firstSubMesh: 0
    subMeshCount: 0
  m_StaticBatchRoot: {fileID: 0}
  m_ProbeAnchor: {fileID: 0}
  m_LightProbeVolumeOverride: {fileID: 0}
  m_ScaleInLightmap: 1
  m_PreserveUVs: 0
  m_IgnoreNormalsForChartDetection: 0
  m_ImportantGI: 0
  m_StitchLightmapSeams: 0
  m_SelectedEditorRenderState: 3
  m_MinimumChartSize: 4
  m_AutoUVMaxDistance: 0.5
  m_AutoUVMaxAngle: 89
  m_LightmapParameters: {fileID: 0}
  m_SortingLayerID: 0
  m_SortingLayer: 0
  m_SortingOrder: 0
--- !u!23 &23010981336759544
MeshRenderer:
  m_ObjectHideFlags: 1
  m_CorrespondingSourceObject: {fileID: 0}
  m_PrefabInternal: {fileID: 100100000}
  m_GameObject: {fileID: 1151715702138996}
  m_Enabled: 1
  m_CastShadows: 1
  m_ReceiveShadows: 1
  m_DynamicOccludee: 1
  m_MotionVectors: 1
  m_LightProbeUsage: 1
  m_ReflectionProbeUsage: 1
  m_RenderingLayerMask: 4294967295
  m_Materials:
  - {fileID: 2100000, guid: c10da0d9409a1d54cb0121c8ca39c126, type: 2}
  m_StaticBatchInfo:
    firstSubMesh: 0
    subMeshCount: 0
  m_StaticBatchRoot: {fileID: 0}
  m_ProbeAnchor: {fileID: 0}
  m_LightProbeVolumeOverride: {fileID: 0}
  m_ScaleInLightmap: 1
  m_PreserveUVs: 0
  m_IgnoreNormalsForChartDetection: 0
  m_ImportantGI: 0
  m_StitchLightmapSeams: 0
  m_SelectedEditorRenderState: 3
  m_MinimumChartSize: 4
  m_AutoUVMaxDistance: 0.5
  m_AutoUVMaxAngle: 89
  m_LightmapParameters: {fileID: 0}
  m_SortingLayerID: 0
  m_SortingLayer: 0
  m_SortingOrder: 0
--- !u!23 &23072883729280710
MeshRenderer:
  m_ObjectHideFlags: 1
  m_CorrespondingSourceObject: {fileID: 0}
  m_PrefabInternal: {fileID: 100100000}
  m_GameObject: {fileID: 1456800663941744}
  m_Enabled: 1
  m_CastShadows: 1
  m_ReceiveShadows: 1
  m_DynamicOccludee: 1
  m_MotionVectors: 1
  m_LightProbeUsage: 1
  m_ReflectionProbeUsage: 1
  m_RenderingLayerMask: 4294967295
  m_Materials:
  - {fileID: 2100000, guid: acdfbc668922b2c40b80181050ecddcc, type: 2}
  m_StaticBatchInfo:
    firstSubMesh: 0
    subMeshCount: 0
  m_StaticBatchRoot: {fileID: 0}
  m_ProbeAnchor: {fileID: 0}
  m_LightProbeVolumeOverride: {fileID: 0}
  m_ScaleInLightmap: 1
  m_PreserveUVs: 0
  m_IgnoreNormalsForChartDetection: 0
  m_ImportantGI: 0
  m_StitchLightmapSeams: 0
  m_SelectedEditorRenderState: 3
  m_MinimumChartSize: 4
  m_AutoUVMaxDistance: 0.5
  m_AutoUVMaxAngle: 89
  m_LightmapParameters: {fileID: 0}
  m_SortingLayerID: 0
  m_SortingLayer: 0
  m_SortingOrder: 0
--- !u!23 &23098963607032980
MeshRenderer:
  m_ObjectHideFlags: 1
  m_CorrespondingSourceObject: {fileID: 0}
  m_PrefabInternal: {fileID: 100100000}
  m_GameObject: {fileID: 1527268016857824}
  m_Enabled: 1
  m_CastShadows: 1
  m_ReceiveShadows: 1
  m_DynamicOccludee: 1
  m_MotionVectors: 1
  m_LightProbeUsage: 1
  m_ReflectionProbeUsage: 1
  m_RenderingLayerMask: 4294967295
  m_Materials:
  - {fileID: 2100000, guid: c032a23099ba909428386f3ee1eb1e29, type: 2}
  - {fileID: 2100000, guid: 78b7b2eb03ff35141b98af8caa71c0e1, type: 2}
  - {fileID: 2100000, guid: d1c6c86a6c58bd84e8753c521dc0e75e, type: 2}
  - {fileID: 2100000, guid: b9019b74ba2b2174b9fff99ca3e5adce, type: 2}
  - {fileID: 2100000, guid: c0d28dd6b5239d545ac4bfb5663e3b8e, type: 2}
  - {fileID: 2100000, guid: 6b1f1272ec1416d499512e9c11c3bd90, type: 2}
  - {fileID: 2100000, guid: 646bcd9b47a46a64b8ca0f40486dfc03, type: 2}
  - {fileID: 2100000, guid: 17a791b4c9a2891428120a579c4e4e25, type: 2}
  - {fileID: 2100000, guid: 2c47994f1646f624992d67eaec927376, type: 2}
  - {fileID: 2100000, guid: 585e60213e6ebe749b5754c3c880dd25, type: 2}
  - {fileID: 2100000, guid: 8940fbf5507993a43bd7e1c9c9f5d697, type: 2}
  - {fileID: 2100000, guid: 1c76d1b9cdc003144be21a19c2ae35c7, type: 2}
  - {fileID: 2100000, guid: 46eb1c8f2388dd6458189c587a687e00, type: 2}
  - {fileID: 2100000, guid: 5ecf71c8792380143a7a08e8f1aab00b, type: 2}
  - {fileID: 2100000, guid: 28ef443fcde472f48be0272ed7c69a0d, type: 2}
  - {fileID: 2100000, guid: 103ea3e010d837a4cb4379a94827f4b2, type: 2}
  m_StaticBatchInfo:
    firstSubMesh: 0
    subMeshCount: 0
  m_StaticBatchRoot: {fileID: 0}
  m_ProbeAnchor: {fileID: 0}
  m_LightProbeVolumeOverride: {fileID: 0}
  m_ScaleInLightmap: 1
  m_PreserveUVs: 0
  m_IgnoreNormalsForChartDetection: 0
  m_ImportantGI: 0
  m_StitchLightmapSeams: 0
  m_SelectedEditorRenderState: 3
  m_MinimumChartSize: 4
  m_AutoUVMaxDistance: 0.5
  m_AutoUVMaxAngle: 89
  m_LightmapParameters: {fileID: 0}
  m_SortingLayerID: 0
  m_SortingLayer: 0
  m_SortingOrder: 0
--- !u!23 &23220819815920842
MeshRenderer:
  m_ObjectHideFlags: 1
  m_CorrespondingSourceObject: {fileID: 0}
  m_PrefabInternal: {fileID: 100100000}
  m_GameObject: {fileID: 1563950743458698}
  m_Enabled: 1
  m_CastShadows: 1
  m_ReceiveShadows: 1
  m_DynamicOccludee: 1
  m_MotionVectors: 1
  m_LightProbeUsage: 1
  m_ReflectionProbeUsage: 1
  m_RenderingLayerMask: 4294967295
  m_Materials:
  - {fileID: 2100000, guid: dd1c02d812775ae4da5f574dda600ecd, type: 2}
  - {fileID: 2100000, guid: b9526735cce3d4e4f902dbfa1712ab58, type: 2}
  - {fileID: 2100000, guid: 5eda5a2995f643449ab1f9c0f09696a6, type: 2}
  - {fileID: 2100000, guid: 78df5173f0931e541b738919d41c9f70, type: 2}
  - {fileID: 2100000, guid: 3073f8ddbd7fa864cacce8e891acdbaa, type: 2}
  - {fileID: 2100000, guid: 10398f7fbb2a7c24c9de9db4dabbfc3a, type: 2}
  - {fileID: 2100000, guid: 5249b7473aeeda84bbe34dc5c4000df5, type: 2}
  - {fileID: 2100000, guid: 7103ae09cc551c146aaab348030ece72, type: 2}
  - {fileID: 2100000, guid: e9fa7b07f09cb8f42aed2c3d58047f94, type: 2}
  - {fileID: 2100000, guid: 168b2b2b9f79cd446b0355fe81a242b1, type: 2}
  - {fileID: 2100000, guid: 2465c97c4a102ad4eab4f326766f3620, type: 2}
  - {fileID: 2100000, guid: e3658e99e9944c74e8fae4353f4788dd, type: 2}
  - {fileID: 2100000, guid: 9733a2178edce9c4a8fb58dd2bae8add, type: 2}
  - {fileID: 2100000, guid: c6ee7a6bf7c52f24ca0681a2759a8b5b, type: 2}
  - {fileID: 2100000, guid: 00228a5796df5ab46b430d83f5f86ad6, type: 2}
  - {fileID: 2100000, guid: 7ddb5dc3bffdb094fbe591e7aef7547e, type: 2}
  - {fileID: 2100000, guid: e8066e4e6ddc3564c804d60c02f916a3, type: 2}
  - {fileID: 2100000, guid: 9178584f193f1b34ebb4c8515e5e6f53, type: 2}
  - {fileID: 2100000, guid: bdf71a9e9f771b4459ba88a1c4bfa2f4, type: 2}
  - {fileID: 2100000, guid: c50f344d4dc38e742afcdb8f6b35fe6d, type: 2}
  - {fileID: 2100000, guid: 7c270d95901013540a9d132c867289d8, type: 2}
  - {fileID: 2100000, guid: 72609f53c93e97441a0c482833ab154a, type: 2}
  - {fileID: 2100000, guid: 02ff15be23c49e54faa6769d68ced926, type: 2}
  - {fileID: 2100000, guid: 56738e88640b9f646bdb085964e79f8a, type: 2}
  - {fileID: 2100000, guid: b2f670e84149649408fd80bc80ad6b70, type: 2}
  m_StaticBatchInfo:
    firstSubMesh: 0
    subMeshCount: 0
  m_StaticBatchRoot: {fileID: 0}
  m_ProbeAnchor: {fileID: 0}
  m_LightProbeVolumeOverride: {fileID: 0}
  m_ScaleInLightmap: 1
  m_PreserveUVs: 0
  m_IgnoreNormalsForChartDetection: 0
  m_ImportantGI: 0
  m_StitchLightmapSeams: 0
  m_SelectedEditorRenderState: 3
  m_MinimumChartSize: 4
  m_AutoUVMaxDistance: 0.5
  m_AutoUVMaxAngle: 89
  m_LightmapParameters: {fileID: 0}
  m_SortingLayerID: 0
  m_SortingLayer: 0
  m_SortingOrder: 0
--- !u!23 &23313412866024230
MeshRenderer:
  m_ObjectHideFlags: 1
  m_CorrespondingSourceObject: {fileID: 0}
  m_PrefabInternal: {fileID: 100100000}
  m_GameObject: {fileID: 1614055822049468}
  m_Enabled: 1
  m_CastShadows: 1
  m_ReceiveShadows: 1
  m_DynamicOccludee: 1
  m_MotionVectors: 1
  m_LightProbeUsage: 1
  m_ReflectionProbeUsage: 1
  m_RenderingLayerMask: 4294967295
  m_Materials:
  - {fileID: 2100000, guid: 0a8ebaa8cba2cb14bb6978cfaf796d8b, type: 2}
  - {fileID: 2100000, guid: 8daea90c1d35ffe4c8aff0f1f7207187, type: 2}
  - {fileID: 2100000, guid: c5190e0b0493760459aa26e4eb98c8c6, type: 2}
  - {fileID: 2100000, guid: 0cb549c00b1639a4cbc6660bbee1249b, type: 2}
  - {fileID: 2100000, guid: 05167544012b8534e859d55b020f72e2, type: 2}
  - {fileID: 2100000, guid: 1fe189d98123afc42929f9c350180bbc, type: 2}
  m_StaticBatchInfo:
    firstSubMesh: 0
    subMeshCount: 0
  m_StaticBatchRoot: {fileID: 0}
  m_ProbeAnchor: {fileID: 0}
  m_LightProbeVolumeOverride: {fileID: 0}
  m_ScaleInLightmap: 1
  m_PreserveUVs: 0
  m_IgnoreNormalsForChartDetection: 0
  m_ImportantGI: 0
  m_StitchLightmapSeams: 0
  m_SelectedEditorRenderState: 3
  m_MinimumChartSize: 4
  m_AutoUVMaxDistance: 0.5
  m_AutoUVMaxAngle: 89
  m_LightmapParameters: {fileID: 0}
  m_SortingLayerID: 0
  m_SortingLayer: 0
  m_SortingOrder: 0
--- !u!23 &23324333428310234
MeshRenderer:
  m_ObjectHideFlags: 1
  m_CorrespondingSourceObject: {fileID: 0}
  m_PrefabInternal: {fileID: 100100000}
  m_GameObject: {fileID: 1272694142083014}
  m_Enabled: 1
  m_CastShadows: 1
  m_ReceiveShadows: 1
  m_DynamicOccludee: 1
  m_MotionVectors: 1
  m_LightProbeUsage: 1
  m_ReflectionProbeUsage: 1
  m_RenderingLayerMask: 4294967295
  m_Materials:
  - {fileID: 2100000, guid: acdfbc668922b2c40b80181050ecddcc, type: 2}
  m_StaticBatchInfo:
    firstSubMesh: 0
    subMeshCount: 0
  m_StaticBatchRoot: {fileID: 0}
  m_ProbeAnchor: {fileID: 0}
  m_LightProbeVolumeOverride: {fileID: 0}
  m_ScaleInLightmap: 1
  m_PreserveUVs: 0
  m_IgnoreNormalsForChartDetection: 0
  m_ImportantGI: 0
  m_StitchLightmapSeams: 0
  m_SelectedEditorRenderState: 3
  m_MinimumChartSize: 4
  m_AutoUVMaxDistance: 0.5
  m_AutoUVMaxAngle: 89
  m_LightmapParameters: {fileID: 0}
  m_SortingLayerID: 0
  m_SortingLayer: 0
  m_SortingOrder: 0
--- !u!23 &23460487775427508
MeshRenderer:
  m_ObjectHideFlags: 1
  m_CorrespondingSourceObject: {fileID: 0}
  m_PrefabInternal: {fileID: 100100000}
  m_GameObject: {fileID: 1695540299907600}
  m_Enabled: 1
  m_CastShadows: 1
  m_ReceiveShadows: 1
  m_DynamicOccludee: 1
  m_MotionVectors: 1
  m_LightProbeUsage: 1
  m_ReflectionProbeUsage: 1
  m_RenderingLayerMask: 4294967295
  m_Materials:
  - {fileID: 2100000, guid: 892cd1627aab64f4a8d718ec68e1b9ac, type: 2}
  m_StaticBatchInfo:
    firstSubMesh: 0
    subMeshCount: 0
  m_StaticBatchRoot: {fileID: 0}
  m_ProbeAnchor: {fileID: 0}
  m_LightProbeVolumeOverride: {fileID: 0}
  m_ScaleInLightmap: 1
  m_PreserveUVs: 0
  m_IgnoreNormalsForChartDetection: 0
  m_ImportantGI: 0
  m_StitchLightmapSeams: 0
  m_SelectedEditorRenderState: 3
  m_MinimumChartSize: 4
  m_AutoUVMaxDistance: 0.5
  m_AutoUVMaxAngle: 89
  m_LightmapParameters: {fileID: 0}
  m_SortingLayerID: 0
  m_SortingLayer: 0
  m_SortingOrder: 0
--- !u!23 &23501389971540422
MeshRenderer:
  m_ObjectHideFlags: 1
  m_CorrespondingSourceObject: {fileID: 0}
  m_PrefabInternal: {fileID: 100100000}
  m_GameObject: {fileID: 1385360542269358}
  m_Enabled: 1
  m_CastShadows: 1
  m_ReceiveShadows: 1
  m_DynamicOccludee: 1
  m_MotionVectors: 1
  m_LightProbeUsage: 1
  m_ReflectionProbeUsage: 1
  m_RenderingLayerMask: 4294967295
  m_Materials:
  - {fileID: 2100000, guid: 6b53404b16c4cbd4092a2f86b15a9caa, type: 2}
  - {fileID: 2100000, guid: 6abe3f5d48f05f44ba327f167203f5f3, type: 2}
  - {fileID: 2100000, guid: a6c4c893475911a469a1cb6ff3d0d10f, type: 2}
  - {fileID: 2100000, guid: 0e4f02f3f23fdfd4db4aab9f0fcb44f3, type: 2}
  - {fileID: 2100000, guid: 9c82a0cd533a4f84fb7e967a069d12c8, type: 2}
  - {fileID: 2100000, guid: a50a1db1fcd1adc459f7f8d1d3549823, type: 2}
  - {fileID: 2100000, guid: c8d7dfedb5c81ca41b6c44e8ed8e05d9, type: 2}
  - {fileID: 2100000, guid: 823de9553753eae44bb0269c335fddf5, type: 2}
  - {fileID: 2100000, guid: 9efc95c2fa205264e94411c9006e6cc9, type: 2}
  - {fileID: 2100000, guid: 29e88b54eb4d1054aa1d8b4ed023a445, type: 2}
  - {fileID: 2100000, guid: a9e30290e2f370e489982db08722ee66, type: 2}
  - {fileID: 2100000, guid: 198f4759ab7dfbf4c9f62e253bc52d98, type: 2}
  - {fileID: 2100000, guid: 26e1cfe463afa0543b0b20ca9870233d, type: 2}
  - {fileID: 2100000, guid: 00075130b1a4302439e9de9fd632d99e, type: 2}
  - {fileID: 2100000, guid: e1d66069981f98440800e93262fdae79, type: 2}
  - {fileID: 2100000, guid: 58d89e3c0c5086f42a2be81dcdd09bf4, type: 2}
  - {fileID: 2100000, guid: c3fa7d29170040e4eb37a71d07fd8b82, type: 2}
  - {fileID: 2100000, guid: 4a9aa8dc49c420148be2ee90805dc184, type: 2}
  - {fileID: 2100000, guid: 6e28439e2b495fa4087301890ed7de69, type: 2}
  - {fileID: 2100000, guid: 60074fc86be537f4088b896706868f2e, type: 2}
  - {fileID: 2100000, guid: e4e660778c9fb884bb5ab5286017fc60, type: 2}
  - {fileID: 2100000, guid: b0ddd0d69d642d24d88f6078813ffb39, type: 2}
  - {fileID: 2100000, guid: a217cf662e634174984923114c208a02, type: 2}
  - {fileID: 2100000, guid: 7c2905078a63c994a8083e81ed7eb0de, type: 2}
  m_StaticBatchInfo:
    firstSubMesh: 0
    subMeshCount: 0
  m_StaticBatchRoot: {fileID: 0}
  m_ProbeAnchor: {fileID: 0}
  m_LightProbeVolumeOverride: {fileID: 0}
  m_ScaleInLightmap: 1
  m_PreserveUVs: 0
  m_IgnoreNormalsForChartDetection: 0
  m_ImportantGI: 0
  m_StitchLightmapSeams: 0
  m_SelectedEditorRenderState: 3
  m_MinimumChartSize: 4
  m_AutoUVMaxDistance: 0.5
  m_AutoUVMaxAngle: 89
  m_LightmapParameters: {fileID: 0}
  m_SortingLayerID: 0
  m_SortingLayer: 0
  m_SortingOrder: 0
--- !u!23 &23553976018186882
MeshRenderer:
  m_ObjectHideFlags: 1
  m_CorrespondingSourceObject: {fileID: 0}
  m_PrefabInternal: {fileID: 100100000}
  m_GameObject: {fileID: 1676528536525474}
  m_Enabled: 1
  m_CastShadows: 1
  m_ReceiveShadows: 1
  m_DynamicOccludee: 1
  m_MotionVectors: 1
  m_LightProbeUsage: 1
  m_ReflectionProbeUsage: 1
  m_RenderingLayerMask: 4294967295
  m_Materials:
  - {fileID: 2100000, guid: 6e28439e2b495fa4087301890ed7de69, type: 2}
  - {fileID: 2100000, guid: 5cfc78bc2a798ce4e9821625106faa84, type: 2}
  - {fileID: 2100000, guid: 992ed7daab4abaa41a84cec8e65001ee, type: 2}
  - {fileID: 2100000, guid: c05d452f8615e9946ad85124615e5253, type: 2}
  - {fileID: 2100000, guid: 4d5d428d1bddddf4e99c9df6d75b4589, type: 2}
  - {fileID: 2100000, guid: 7822aa923ec47b244a0c7a1b94808fc7, type: 2}
  - {fileID: 2100000, guid: 4c1616e18f4d93f4ea1451783a5dc649, type: 2}
  - {fileID: 2100000, guid: cbdc5d8aff624ca4abeac39cb2672ceb, type: 2}
  - {fileID: 2100000, guid: 1a3c4d228b5be6e4fbc628c88d2ee9b7, type: 2}
  - {fileID: 2100000, guid: 8f63ac1a477f11b4c9287d118fa0fcce, type: 2}
  - {fileID: 2100000, guid: df6a30d889de57c41be9e54420bd650d, type: 2}
  - {fileID: 2100000, guid: e5c086fc6261a5c48bf358521bc0d5bc, type: 2}
  - {fileID: 2100000, guid: 5b0e73510027035459ea7673cd4b475f, type: 2}
  - {fileID: 2100000, guid: b12f7a8064e31d741968944ac7b11c0b, type: 2}
  - {fileID: 2100000, guid: 1878163533b863d45a232f15e67f90f7, type: 2}
  - {fileID: 2100000, guid: 7777fe8fbbc5f5a41a2e35780a9a53f2, type: 2}
  - {fileID: 2100000, guid: 8a216f1e852287b4ea4f346e2482f4e6, type: 2}
  - {fileID: 2100000, guid: 120f534255eb4c34db55db97ed5667eb, type: 2}
  - {fileID: 2100000, guid: 3b4da8815ea9a9b4e882df55a3607b17, type: 2}
  - {fileID: 2100000, guid: cf20751543b378340bc215a727288cd5, type: 2}
  - {fileID: 2100000, guid: cfe48143dbde0c946bee616a37567f02, type: 2}
  - {fileID: 2100000, guid: bc09725a98588a34aa7924dff70d197b, type: 2}
  - {fileID: 2100000, guid: 7ef21d6a4be1bb04c8145282e97f572b, type: 2}
  m_StaticBatchInfo:
    firstSubMesh: 0
    subMeshCount: 0
  m_StaticBatchRoot: {fileID: 0}
  m_ProbeAnchor: {fileID: 0}
  m_LightProbeVolumeOverride: {fileID: 0}
  m_ScaleInLightmap: 1
  m_PreserveUVs: 0
  m_IgnoreNormalsForChartDetection: 0
  m_ImportantGI: 0
  m_StitchLightmapSeams: 0
  m_SelectedEditorRenderState: 3
  m_MinimumChartSize: 4
  m_AutoUVMaxDistance: 0.5
  m_AutoUVMaxAngle: 89
  m_LightmapParameters: {fileID: 0}
  m_SortingLayerID: 0
  m_SortingLayer: 0
  m_SortingOrder: 0
--- !u!23 &23576666370212046
MeshRenderer:
  m_ObjectHideFlags: 1
  m_CorrespondingSourceObject: {fileID: 0}
  m_PrefabInternal: {fileID: 100100000}
  m_GameObject: {fileID: 1448966832274232}
  m_Enabled: 1
  m_CastShadows: 1
  m_ReceiveShadows: 1
  m_DynamicOccludee: 1
  m_MotionVectors: 1
  m_LightProbeUsage: 1
  m_ReflectionProbeUsage: 1
  m_RenderingLayerMask: 4294967295
  m_Materials:
  - {fileID: 2100000, guid: 99dea786c1ef7ae48aa79ffa7d214172, type: 2}
  - {fileID: 2100000, guid: 40bb6e5302bf6d340b36825955ed02cd, type: 2}
  - {fileID: 2100000, guid: 3033b116463651b4ba5c6ed587cad770, type: 2}
  - {fileID: 2100000, guid: 5324c43342e5a6d4a998dfc237f89588, type: 2}
  - {fileID: 2100000, guid: 8a51c076fabad874a8bc0f88fd351390, type: 2}
  - {fileID: 2100000, guid: f35b27b647d08ee43821006742e228a0, type: 2}
  - {fileID: 2100000, guid: 472a851fc922a304d98bcfa127d2a0af, type: 2}
  - {fileID: 2100000, guid: 19155b82b469357498f4160e334d500b, type: 2}
  - {fileID: 2100000, guid: d469943594f522745979e1c85f2ebfce, type: 2}
  - {fileID: 2100000, guid: ec83ee0fe27ef5d49b0668378a9f501c, type: 2}
  - {fileID: 2100000, guid: ed19a9329d4903249bcd58f03974efc6, type: 2}
  - {fileID: 2100000, guid: f105177ac6a0707419bdb9ac97334d88, type: 2}
  - {fileID: 2100000, guid: f4e347168c7148d4bb159e5fcdb7b63e, type: 2}
  - {fileID: 2100000, guid: 5adaee8835ddd0d428908cd63b2cd121, type: 2}
  - {fileID: 2100000, guid: 15e5503fa81e2a4469c75a2989509d4c, type: 2}
  - {fileID: 2100000, guid: 2e1bf4ba38aaa014da5170575a6d84e5, type: 2}
  - {fileID: 2100000, guid: c8a3b755cd5f5e2499ddfe92744965e4, type: 2}
  - {fileID: 2100000, guid: 9946f5ba40155d145a429278c5a6d7db, type: 2}
  - {fileID: 2100000, guid: 22aae1a93a302af4ca1a2e29a66b9e07, type: 2}
  - {fileID: 2100000, guid: 9d36d7abed6a006469ce15f2536bd83d, type: 2}
  - {fileID: 2100000, guid: 9d3b24bf57f1b5b41b9be5279fa0ec5c, type: 2}
  - {fileID: 2100000, guid: 3e1914861495e9f4daec82a87258fec5, type: 2}
  - {fileID: 2100000, guid: 93ca62ca776cc374db77b35a6060eae5, type: 2}
  - {fileID: 2100000, guid: 0d43f29006a2f7248a25d815e6df48ad, type: 2}
  - {fileID: 2100000, guid: fab816fbcf1e730469cc68cd383df5af, type: 2}
  - {fileID: 2100000, guid: bbf03e745c2897b4d9764ab6249d3b61, type: 2}
  - {fileID: 2100000, guid: 11f7b9210a04a0345ad9a2f63d5fab62, type: 2}
  - {fileID: 2100000, guid: e04cf7238f9d23346821a5955612d72d, type: 2}
  - {fileID: 2100000, guid: f70be7e58c1bb3740b9cea4b86309ea8, type: 2}
  - {fileID: 2100000, guid: 97d2c9c55ff930a4f90e8742aed041d8, type: 2}
  - {fileID: 2100000, guid: 1a9e8a769d018a448b8fd3fd14ba5f58, type: 2}
  - {fileID: 2100000, guid: 3dd019b7dea30eb4b83cd3fd043fc427, type: 2}
  - {fileID: 2100000, guid: 4212640d96786534d9189d13f9744e16, type: 2}
  - {fileID: 2100000, guid: b22238b35c62e3449a7dbb5b0b0fbef8, type: 2}
  - {fileID: 2100000, guid: ee3b2c83aba60fc489580aef9acbc2d7, type: 2}
  - {fileID: 2100000, guid: 2e3f65c07b01c0d48adc16fd7a2f56bf, type: 2}
  - {fileID: 2100000, guid: 8c166181c72d8084d9ede616f968449c, type: 2}
  - {fileID: 2100000, guid: 34cd67e800fc21d4b8f17b0f251ed97a, type: 2}
  - {fileID: 2100000, guid: 4deba793dda9d814c8c8442c15835df9, type: 2}
  - {fileID: 2100000, guid: 0f9b06e91b09a844c9c6b3ba446ef3a6, type: 2}
  - {fileID: 2100000, guid: f68059ebacfcaab4da2861f1e9df86a4, type: 2}
  - {fileID: 2100000, guid: 834b74eee7a2f2e4a993b9ab9e6a5808, type: 2}
  - {fileID: 2100000, guid: e3d493c8ec0764c41af8629327119706, type: 2}
  - {fileID: 2100000, guid: ba30fab27691d7e4da8aa9969028dd7f, type: 2}
  - {fileID: 2100000, guid: 40e94954416cd194bbf62e5aeb675347, type: 2}
  - {fileID: 2100000, guid: 43a81d96e8683fc42b8a984056f6b5cb, type: 2}
  - {fileID: 2100000, guid: 286476a1909d56d4e8a6b0927861d566, type: 2}
  - {fileID: 2100000, guid: 6d57f289ac41a84428440fd48277cdf0, type: 2}
  - {fileID: 2100000, guid: 7ff69a86dc988774b9efff71143682ce, type: 2}
  - {fileID: 2100000, guid: 082db218c64d50f4eb4dbbc52a66eee6, type: 2}
  - {fileID: 2100000, guid: 0882ae06ef2edd449ba75fe933068d7b, type: 2}
  - {fileID: 2100000, guid: 8770a1b146c9c3542a7a099f356e756c, type: 2}
  - {fileID: 2100000, guid: bc569783d7a4d204daddf4a409a038cb, type: 2}
  - {fileID: 2100000, guid: b6074101f79491545bd52dae82122374, type: 2}
  - {fileID: 2100000, guid: b9ababd4717f1564b8bb7d8d986fc809, type: 2}
  - {fileID: 2100000, guid: e1a7524ed5dc2064da5e8ed57c5bdce9, type: 2}
  - {fileID: 2100000, guid: 9bddd024a4c983749a0b7c630f5e5e48, type: 2}
  - {fileID: 2100000, guid: 543842967baaa1f4eb818aed50b5499b, type: 2}
  - {fileID: 2100000, guid: 250c775ed24788a458c48fa53f712cff, type: 2}
  - {fileID: 2100000, guid: 0a8ebaa8cba2cb14bb6978cfaf796d8b, type: 2}
  - {fileID: 2100000, guid: f0477addc5873b14ebb5d127dd166397, type: 2}
  - {fileID: 2100000, guid: 5e179855848105f42aabe65e1422f0a0, type: 2}
  - {fileID: 2100000, guid: 126d2efacf1f31c43bc4edad10516c60, type: 2}
  - {fileID: 2100000, guid: 9748222064d5bea4689f96c03f3a3dcb, type: 2}
  - {fileID: 2100000, guid: d016bf8bda7dd3a4ba562124a4d464bc, type: 2}
  - {fileID: 2100000, guid: ffc092e54894ffe4f8b922d9b70b884d, type: 2}
  - {fileID: 2100000, guid: 8e9bb8c00b7100b42bab49f612073e8b, type: 2}
  - {fileID: 2100000, guid: 0e294bb81cc94f8469a8a66d893cb332, type: 2}
  - {fileID: 2100000, guid: cf28e1963e9afd6469784bf8cd01384a, type: 2}
  - {fileID: 2100000, guid: 116964e3287c35a4e8c7afea8a49bab5, type: 2}
  m_StaticBatchInfo:
    firstSubMesh: 0
    subMeshCount: 0
  m_StaticBatchRoot: {fileID: 0}
  m_ProbeAnchor: {fileID: 0}
  m_LightProbeVolumeOverride: {fileID: 0}
  m_ScaleInLightmap: 1
  m_PreserveUVs: 0
  m_IgnoreNormalsForChartDetection: 0
  m_ImportantGI: 0
  m_StitchLightmapSeams: 0
  m_SelectedEditorRenderState: 3
  m_MinimumChartSize: 4
  m_AutoUVMaxDistance: 0.5
  m_AutoUVMaxAngle: 89
  m_LightmapParameters: {fileID: 0}
  m_SortingLayerID: 0
  m_SortingLayer: 0
  m_SortingOrder: 0
--- !u!23 &23600001270852816
MeshRenderer:
  m_ObjectHideFlags: 1
  m_CorrespondingSourceObject: {fileID: 0}
  m_PrefabInternal: {fileID: 100100000}
  m_GameObject: {fileID: 1631725026448486}
  m_Enabled: 1
  m_CastShadows: 1
  m_ReceiveShadows: 1
  m_DynamicOccludee: 1
  m_MotionVectors: 1
  m_LightProbeUsage: 1
  m_ReflectionProbeUsage: 1
  m_RenderingLayerMask: 4294967295
  m_Materials:
  - {fileID: 2100000, guid: b9019b74ba2b2174b9fff99ca3e5adce, type: 2}
  - {fileID: 2100000, guid: b5f41c8f80bab574eb2b8579da24f576, type: 2}
  - {fileID: 2100000, guid: 75365da051e6f6c42ab942643cfcc8dc, type: 2}
  - {fileID: 2100000, guid: 2baf7a84309429f47a0ef6152ed3aa56, type: 2}
  - {fileID: 2100000, guid: 970dcb6bd75a1094398bd1984f256842, type: 2}
  - {fileID: 2100000, guid: 2103f582bf2544841b5fc16402516819, type: 2}
  - {fileID: 2100000, guid: 151337b2f3442b1428552b81ac0f2a12, type: 2}
  - {fileID: 2100000, guid: 448c10c0d540d964bbff769774db6113, type: 2}
  - {fileID: 2100000, guid: 7e8e2d99b17d77844bcba6aaeb13f622, type: 2}
  - {fileID: 2100000, guid: e72dddbc461fa7347a595dc7b36e74db, type: 2}
  - {fileID: 2100000, guid: be19b6876278446449fe4693b3c0b90b, type: 2}
  - {fileID: 2100000, guid: 86fabccc8dc43e7499b351400ea89913, type: 2}
  - {fileID: 2100000, guid: c92972033d51b8347a98aac5974c8795, type: 2}
  - {fileID: 2100000, guid: 2c2475ad6acfe9f4c9338bdebd3b9224, type: 2}
  - {fileID: 2100000, guid: 8d39f3ede8e19c74ab9025b9b46bde3d, type: 2}
  - {fileID: 2100000, guid: c25256f8ead3bb142a1db3bb65f3daf2, type: 2}
  - {fileID: 2100000, guid: 1bf1daa9ca2a45f4fb2e94e09e186173, type: 2}
  - {fileID: 2100000, guid: 5721514148c34324daea6e5b4d0ab210, type: 2}
  - {fileID: 2100000, guid: 5176f298d95507e42afd8dea5309b36a, type: 2}
  - {fileID: 2100000, guid: 1b88cc24012ab1745b20a37d64a3f165, type: 2}
  - {fileID: 2100000, guid: b74de76e925ec1345a039efd9cb39a4c, type: 2}
  - {fileID: 2100000, guid: 21100c696669e0d4c90e0c604b179700, type: 2}
  - {fileID: 2100000, guid: 2ad02a228ddbd914a974ebf82e403712, type: 2}
  - {fileID: 2100000, guid: 556923fe88add82418c2f90d45f1a05f, type: 2}
  - {fileID: 2100000, guid: 7234d88580d1d9649abf457a3f4d7cbe, type: 2}
  - {fileID: 2100000, guid: 01016ce8b8db99d429e89668d22126c9, type: 2}
  - {fileID: 2100000, guid: 46efc2f82136311458c577f83cd1c112, type: 2}
  - {fileID: 2100000, guid: d4367f2c11fc16440b87b64bac7ac1f7, type: 2}
  - {fileID: 2100000, guid: 8ec54cb189c10584c91832a90eb0e32d, type: 2}
  - {fileID: 2100000, guid: eb79ce0d8ecca474eb3cfb470b963686, type: 2}
  m_StaticBatchInfo:
    firstSubMesh: 0
    subMeshCount: 0
  m_StaticBatchRoot: {fileID: 0}
  m_ProbeAnchor: {fileID: 0}
  m_LightProbeVolumeOverride: {fileID: 0}
  m_ScaleInLightmap: 1
  m_PreserveUVs: 0
  m_IgnoreNormalsForChartDetection: 0
  m_ImportantGI: 0
  m_StitchLightmapSeams: 0
  m_SelectedEditorRenderState: 3
  m_MinimumChartSize: 4
  m_AutoUVMaxDistance: 0.5
  m_AutoUVMaxAngle: 89
  m_LightmapParameters: {fileID: 0}
  m_SortingLayerID: 0
  m_SortingLayer: 0
  m_SortingOrder: 0
--- !u!23 &23607399043239584
MeshRenderer:
  m_ObjectHideFlags: 1
  m_CorrespondingSourceObject: {fileID: 0}
  m_PrefabInternal: {fileID: 100100000}
  m_GameObject: {fileID: 1632059221736554}
  m_Enabled: 1
  m_CastShadows: 1
  m_ReceiveShadows: 1
  m_DynamicOccludee: 1
  m_MotionVectors: 1
  m_LightProbeUsage: 1
  m_ReflectionProbeUsage: 1
  m_RenderingLayerMask: 4294967295
  m_Materials:
  - {fileID: 2100000, guid: c10da0d9409a1d54cb0121c8ca39c126, type: 2}
  - {fileID: 2100000, guid: a883b6712a9ff7e43814578d8170ea5c, type: 2}
  - {fileID: 2100000, guid: 4c0705e4c3397e44eadb9b9c98bb98c8, type: 2}
  - {fileID: 2100000, guid: 8047594063f02f748a64f8f3c66220cc, type: 2}
  - {fileID: 2100000, guid: 7874abaa41b03d94b83ceb214f1ca76d, type: 2}
  - {fileID: 2100000, guid: b0a9f2e5d87f1494db32b80eeca2c577, type: 2}
  - {fileID: 2100000, guid: 724fc5edbb5e00d479f69a34be9ae517, type: 2}
  - {fileID: 2100000, guid: 319e8a148dfbe0e4388fb357e663758f, type: 2}
  - {fileID: 2100000, guid: fd84d8e214c4be349bfbffd303cec086, type: 2}
  - {fileID: 2100000, guid: 7bc89f71058785a45a3e5b89b3108099, type: 2}
  - {fileID: 2100000, guid: 2b99869ef1c3cc5439e083c7867634c8, type: 2}
  m_StaticBatchInfo:
    firstSubMesh: 0
    subMeshCount: 0
  m_StaticBatchRoot: {fileID: 0}
  m_ProbeAnchor: {fileID: 0}
  m_LightProbeVolumeOverride: {fileID: 0}
  m_ScaleInLightmap: 1
  m_PreserveUVs: 0
  m_IgnoreNormalsForChartDetection: 0
  m_ImportantGI: 0
  m_StitchLightmapSeams: 0
  m_SelectedEditorRenderState: 3
  m_MinimumChartSize: 4
  m_AutoUVMaxDistance: 0.5
  m_AutoUVMaxAngle: 89
  m_LightmapParameters: {fileID: 0}
  m_SortingLayerID: 0
  m_SortingLayer: 0
  m_SortingOrder: 0
--- !u!23 &23612905289900120
MeshRenderer:
  m_ObjectHideFlags: 1
  m_CorrespondingSourceObject: {fileID: 0}
  m_PrefabInternal: {fileID: 100100000}
  m_GameObject: {fileID: 1093159392412174}
  m_Enabled: 1
  m_CastShadows: 1
  m_ReceiveShadows: 1
  m_DynamicOccludee: 1
  m_MotionVectors: 1
  m_LightProbeUsage: 1
  m_ReflectionProbeUsage: 1
  m_RenderingLayerMask: 4294967295
  m_Materials:
  - {fileID: 2100000, guid: bb4efb2936bfd944c905593b1236df4c, type: 2}
  - {fileID: 2100000, guid: 1736a15673d4dbe4da4fef65a4f6dab6, type: 2}
  - {fileID: 2100000, guid: 31aa791f264813c43951b238e642ab0b, type: 2}
  - {fileID: 2100000, guid: 0ba30a08473963a48b5ade04dbec076c, type: 2}
  - {fileID: 2100000, guid: 6164c906a2dbeee43a722c3c117267d0, type: 2}
  - {fileID: 2100000, guid: c057535d26c1ca54da183bbf43b2bdd2, type: 2}
  - {fileID: 2100000, guid: d4b3cd4d9e43e6347b450aa98fafb5a5, type: 2}
  - {fileID: 2100000, guid: bad896e32d8edd142b454a5329572900, type: 2}
  - {fileID: 2100000, guid: 96e1e64664cc9f141984727878bf4b36, type: 2}
  - {fileID: 2100000, guid: 475f74c005705064bbb99004b31f3ffd, type: 2}
  - {fileID: 2100000, guid: 4f887239114993a4d852a21c28085b4b, type: 2}
  - {fileID: 2100000, guid: 7c6cabbd5b622714487337bf251cf820, type: 2}
  - {fileID: 2100000, guid: 03c69aaaba4121443ae5f02467011592, type: 2}
  - {fileID: 2100000, guid: 8924fe9c30a57b946bb08d2ebec6a1ec, type: 2}
  m_StaticBatchInfo:
    firstSubMesh: 0
    subMeshCount: 0
  m_StaticBatchRoot: {fileID: 0}
  m_ProbeAnchor: {fileID: 0}
  m_LightProbeVolumeOverride: {fileID: 0}
  m_ScaleInLightmap: 1
  m_PreserveUVs: 0
  m_IgnoreNormalsForChartDetection: 0
  m_ImportantGI: 0
  m_StitchLightmapSeams: 0
  m_SelectedEditorRenderState: 3
  m_MinimumChartSize: 4
  m_AutoUVMaxDistance: 0.5
  m_AutoUVMaxAngle: 89
  m_LightmapParameters: {fileID: 0}
  m_SortingLayerID: 0
  m_SortingLayer: 0
  m_SortingOrder: 0
--- !u!23 &23632646894424710
MeshRenderer:
  m_ObjectHideFlags: 1
  m_CorrespondingSourceObject: {fileID: 0}
  m_PrefabInternal: {fileID: 100100000}
  m_GameObject: {fileID: 1367050658761148}
  m_Enabled: 1
  m_CastShadows: 1
  m_ReceiveShadows: 1
  m_DynamicOccludee: 1
  m_MotionVectors: 1
  m_LightProbeUsage: 1
  m_ReflectionProbeUsage: 1
  m_RenderingLayerMask: 4294967295
  m_Materials:
  - {fileID: 2100000, guid: 24dd93c517e0f95439be671502d59495, type: 2}
  - {fileID: 2100000, guid: 6c761a8d140ca8446ace5024bc9a9b43, type: 2}
  - {fileID: 2100000, guid: 0399ccb11e174c54eaecf7aa075e4a2a, type: 2}
  m_StaticBatchInfo:
    firstSubMesh: 0
    subMeshCount: 0
  m_StaticBatchRoot: {fileID: 0}
  m_ProbeAnchor: {fileID: 0}
  m_LightProbeVolumeOverride: {fileID: 0}
  m_ScaleInLightmap: 1
  m_PreserveUVs: 0
  m_IgnoreNormalsForChartDetection: 0
  m_ImportantGI: 0
  m_StitchLightmapSeams: 0
  m_SelectedEditorRenderState: 3
  m_MinimumChartSize: 4
  m_AutoUVMaxDistance: 0.5
  m_AutoUVMaxAngle: 89
  m_LightmapParameters: {fileID: 0}
  m_SortingLayerID: 0
  m_SortingLayer: 0
  m_SortingOrder: 0
--- !u!23 &23702298681171028
MeshRenderer:
  m_ObjectHideFlags: 1
  m_CorrespondingSourceObject: {fileID: 0}
  m_PrefabInternal: {fileID: 100100000}
  m_GameObject: {fileID: 1761467968358182}
  m_Enabled: 1
  m_CastShadows: 1
  m_ReceiveShadows: 1
  m_DynamicOccludee: 1
  m_MotionVectors: 1
  m_LightProbeUsage: 1
  m_ReflectionProbeUsage: 1
  m_RenderingLayerMask: 4294967295
  m_Materials:
  - {fileID: 2100000, guid: 5c49ce4d2a0bf9f49ab1c27cd97ee689, type: 2}
  - {fileID: 2100000, guid: ed673fd2062dfb942a1ef045efc985f7, type: 2}
  - {fileID: 2100000, guid: c10da0d9409a1d54cb0121c8ca39c126, type: 2}
  - {fileID: 2100000, guid: 54eb649b70398be448ab69c60bc55e9f, type: 2}
  - {fileID: 2100000, guid: d71a8bb4baef67a4abcc0200a2157114, type: 2}
  m_StaticBatchInfo:
    firstSubMesh: 0
    subMeshCount: 0
  m_StaticBatchRoot: {fileID: 0}
  m_ProbeAnchor: {fileID: 0}
  m_LightProbeVolumeOverride: {fileID: 0}
  m_ScaleInLightmap: 1
  m_PreserveUVs: 0
  m_IgnoreNormalsForChartDetection: 0
  m_ImportantGI: 0
  m_StitchLightmapSeams: 0
  m_SelectedEditorRenderState: 3
  m_MinimumChartSize: 4
  m_AutoUVMaxDistance: 0.5
  m_AutoUVMaxAngle: 89
  m_LightmapParameters: {fileID: 0}
  m_SortingLayerID: 0
  m_SortingLayer: 0
  m_SortingOrder: 0
--- !u!23 &23707257708114326
MeshRenderer:
  m_ObjectHideFlags: 1
  m_CorrespondingSourceObject: {fileID: 0}
  m_PrefabInternal: {fileID: 100100000}
  m_GameObject: {fileID: 1538905422919296}
  m_Enabled: 1
  m_CastShadows: 1
  m_ReceiveShadows: 1
  m_DynamicOccludee: 1
  m_MotionVectors: 1
  m_LightProbeUsage: 1
  m_ReflectionProbeUsage: 1
  m_RenderingLayerMask: 4294967295
  m_Materials:
  - {fileID: 2100000, guid: 617b51017f426c04b8ab9602fa03e46a, type: 2}
  - {fileID: 2100000, guid: a74c1a921be25554c8f8585a9e3b0fec, type: 2}
  - {fileID: 2100000, guid: 122272fc77bfdf449ac3195abb4e10a5, type: 2}
  - {fileID: 2100000, guid: dd1c02d812775ae4da5f574dda600ecd, type: 2}
  m_StaticBatchInfo:
    firstSubMesh: 0
    subMeshCount: 0
  m_StaticBatchRoot: {fileID: 0}
  m_ProbeAnchor: {fileID: 0}
  m_LightProbeVolumeOverride: {fileID: 0}
  m_ScaleInLightmap: 1
  m_PreserveUVs: 0
  m_IgnoreNormalsForChartDetection: 0
  m_ImportantGI: 0
  m_StitchLightmapSeams: 0
  m_SelectedEditorRenderState: 3
  m_MinimumChartSize: 4
  m_AutoUVMaxDistance: 0.5
  m_AutoUVMaxAngle: 89
  m_LightmapParameters: {fileID: 0}
  m_SortingLayerID: 0
  m_SortingLayer: 0
  m_SortingOrder: 0
--- !u!23 &23740486151337122
MeshRenderer:
  m_ObjectHideFlags: 1
  m_CorrespondingSourceObject: {fileID: 0}
  m_PrefabInternal: {fileID: 100100000}
  m_GameObject: {fileID: 1360318561136370}
  m_Enabled: 1
  m_CastShadows: 1
  m_ReceiveShadows: 1
  m_DynamicOccludee: 1
  m_MotionVectors: 1
  m_LightProbeUsage: 1
  m_ReflectionProbeUsage: 1
  m_RenderingLayerMask: 4294967295
  m_Materials:
  - {fileID: 2100000, guid: 1b16395879a5f5d4fbcce148d21de855, type: 2}
  - {fileID: 2100000, guid: 8b19172012fe5154ca088deec992a10c, type: 2}
  m_StaticBatchInfo:
    firstSubMesh: 0
    subMeshCount: 0
  m_StaticBatchRoot: {fileID: 0}
  m_ProbeAnchor: {fileID: 0}
  m_LightProbeVolumeOverride: {fileID: 0}
  m_ScaleInLightmap: 1
  m_PreserveUVs: 0
  m_IgnoreNormalsForChartDetection: 0
  m_ImportantGI: 0
  m_StitchLightmapSeams: 0
  m_SelectedEditorRenderState: 3
  m_MinimumChartSize: 4
  m_AutoUVMaxDistance: 0.5
  m_AutoUVMaxAngle: 89
  m_LightmapParameters: {fileID: 0}
  m_SortingLayerID: 0
  m_SortingLayer: 0
  m_SortingOrder: 0
--- !u!23 &23883459972432494
MeshRenderer:
  m_ObjectHideFlags: 1
  m_CorrespondingSourceObject: {fileID: 0}
  m_PrefabInternal: {fileID: 100100000}
  m_GameObject: {fileID: 1141875796926268}
  m_Enabled: 1
  m_CastShadows: 1
  m_ReceiveShadows: 1
  m_DynamicOccludee: 1
  m_MotionVectors: 1
  m_LightProbeUsage: 1
  m_ReflectionProbeUsage: 1
  m_RenderingLayerMask: 4294967295
  m_Materials:
  - {fileID: 2100000, guid: 321b27676e6ad1f4a89f1a5f164530d7, type: 2}
  m_StaticBatchInfo:
    firstSubMesh: 0
    subMeshCount: 0
  m_StaticBatchRoot: {fileID: 0}
  m_ProbeAnchor: {fileID: 0}
  m_LightProbeVolumeOverride: {fileID: 0}
  m_ScaleInLightmap: 1
  m_PreserveUVs: 0
  m_IgnoreNormalsForChartDetection: 0
  m_ImportantGI: 0
  m_StitchLightmapSeams: 0
  m_SelectedEditorRenderState: 3
  m_MinimumChartSize: 4
  m_AutoUVMaxDistance: 0.5
  m_AutoUVMaxAngle: 89
  m_LightmapParameters: {fileID: 0}
  m_SortingLayerID: 0
  m_SortingLayer: 0
  m_SortingOrder: 0
--- !u!23 &23926794693176088
MeshRenderer:
  m_ObjectHideFlags: 1
  m_CorrespondingSourceObject: {fileID: 0}
  m_PrefabInternal: {fileID: 100100000}
  m_GameObject: {fileID: 1118439174999888}
  m_Enabled: 1
  m_CastShadows: 1
  m_ReceiveShadows: 1
  m_DynamicOccludee: 1
  m_MotionVectors: 1
  m_LightProbeUsage: 1
  m_ReflectionProbeUsage: 1
  m_RenderingLayerMask: 4294967295
  m_Materials:
  - {fileID: 2100000, guid: 0a8ebaa8cba2cb14bb6978cfaf796d8b, type: 2}
  - {fileID: 2100000, guid: 8daea90c1d35ffe4c8aff0f1f7207187, type: 2}
  - {fileID: 2100000, guid: c5190e0b0493760459aa26e4eb98c8c6, type: 2}
  - {fileID: 2100000, guid: 0cb549c00b1639a4cbc6660bbee1249b, type: 2}
  - {fileID: 2100000, guid: 05167544012b8534e859d55b020f72e2, type: 2}
  - {fileID: 2100000, guid: 1fe189d98123afc42929f9c350180bbc, type: 2}
  m_StaticBatchInfo:
    firstSubMesh: 0
    subMeshCount: 0
  m_StaticBatchRoot: {fileID: 0}
  m_ProbeAnchor: {fileID: 0}
  m_LightProbeVolumeOverride: {fileID: 0}
  m_ScaleInLightmap: 1
  m_PreserveUVs: 0
  m_IgnoreNormalsForChartDetection: 0
  m_ImportantGI: 0
  m_StitchLightmapSeams: 0
  m_SelectedEditorRenderState: 3
  m_MinimumChartSize: 4
  m_AutoUVMaxDistance: 0.5
  m_AutoUVMaxAngle: 89
  m_LightmapParameters: {fileID: 0}
  m_SortingLayerID: 0
  m_SortingLayer: 0
  m_SortingOrder: 0
--- !u!23 &23930457073871446
MeshRenderer:
  m_ObjectHideFlags: 1
  m_CorrespondingSourceObject: {fileID: 0}
  m_PrefabInternal: {fileID: 100100000}
  m_GameObject: {fileID: 1168638330096294}
  m_Enabled: 1
  m_CastShadows: 1
  m_ReceiveShadows: 1
  m_DynamicOccludee: 1
  m_MotionVectors: 1
  m_LightProbeUsage: 1
  m_ReflectionProbeUsage: 1
  m_RenderingLayerMask: 4294967295
  m_Materials:
  - {fileID: 2100000, guid: 9d9e99cbfae12404587f3be719e39e62, type: 2}
  - {fileID: 2100000, guid: 98927ce09646cf449a71620184a4fc6b, type: 2}
  - {fileID: 2100000, guid: 690116a2b9e9fa7418ca8630bb2542e3, type: 2}
  - {fileID: 2100000, guid: b9019b74ba2b2174b9fff99ca3e5adce, type: 2}
  - {fileID: 2100000, guid: ac43e54360ce2894b9b07d597b5cf9d8, type: 2}
  - {fileID: 2100000, guid: a1f8232b74ac29241b68ac9694f90ccb, type: 2}
  - {fileID: 2100000, guid: 6c6d7bcdc4dc34b4c8be0f849c224c1e, type: 2}
  - {fileID: 2100000, guid: 0a8ebaa8cba2cb14bb6978cfaf796d8b, type: 2}
  - {fileID: 2100000, guid: 9823197c0dba6754199cfc13888997d0, type: 2}
  - {fileID: 2100000, guid: c4570120f2ca4a1479238b343c82564a, type: 2}
  - {fileID: 2100000, guid: 1e82716fb1939834eb560eb54bb263fe, type: 2}
  m_StaticBatchInfo:
    firstSubMesh: 0
    subMeshCount: 0
  m_StaticBatchRoot: {fileID: 0}
  m_ProbeAnchor: {fileID: 0}
  m_LightProbeVolumeOverride: {fileID: 0}
  m_ScaleInLightmap: 1
  m_PreserveUVs: 0
  m_IgnoreNormalsForChartDetection: 0
  m_ImportantGI: 0
  m_StitchLightmapSeams: 0
  m_SelectedEditorRenderState: 3
  m_MinimumChartSize: 4
  m_AutoUVMaxDistance: 0.5
  m_AutoUVMaxAngle: 89
  m_LightmapParameters: {fileID: 0}
  m_SortingLayerID: 0
  m_SortingLayer: 0
  m_SortingOrder: 0
--- !u!33 &33007525254729092
MeshFilter:
  m_ObjectHideFlags: 1
  m_CorrespondingSourceObject: {fileID: 0}
  m_PrefabInternal: {fileID: 100100000}
  m_GameObject: {fileID: 1527268016857824}
  m_Mesh: {fileID: 4300040, guid: f46cc20478df89e4c99c102c9416e4a6, type: 3}
--- !u!33 &33028749729033334
MeshFilter:
  m_ObjectHideFlags: 1
  m_CorrespondingSourceObject: {fileID: 0}
  m_PrefabInternal: {fileID: 100100000}
  m_GameObject: {fileID: 1761467968358182}
  m_Mesh: {fileID: 4300028, guid: f46cc20478df89e4c99c102c9416e4a6, type: 3}
--- !u!33 &33034140434371842
MeshFilter:
  m_ObjectHideFlags: 1
  m_CorrespondingSourceObject: {fileID: 0}
  m_PrefabInternal: {fileID: 100100000}
  m_GameObject: {fileID: 1360318561136370}
  m_Mesh: {fileID: 4300024, guid: f46cc20478df89e4c99c102c9416e4a6, type: 3}
--- !u!33 &33055951820533568
MeshFilter:
  m_ObjectHideFlags: 1
  m_CorrespondingSourceObject: {fileID: 0}
  m_PrefabInternal: {fileID: 100100000}
  m_GameObject: {fileID: 1456800663941744}
  m_Mesh: {fileID: 4300014, guid: f46cc20478df89e4c99c102c9416e4a6, type: 3}
--- !u!33 &33097223849881296
MeshFilter:
  m_ObjectHideFlags: 1
  m_CorrespondingSourceObject: {fileID: 0}
  m_PrefabInternal: {fileID: 100100000}
  m_GameObject: {fileID: 1563950743458698}
  m_Mesh: {fileID: 4300038, guid: f46cc20478df89e4c99c102c9416e4a6, type: 3}
--- !u!33 &33099905191566318
MeshFilter:
  m_ObjectHideFlags: 1
  m_CorrespondingSourceObject: {fileID: 0}
  m_PrefabInternal: {fileID: 100100000}
  m_GameObject: {fileID: 1168638330096294}
  m_Mesh: {fileID: 4300022, guid: f46cc20478df89e4c99c102c9416e4a6, type: 3}
--- !u!33 &33114891879061166
MeshFilter:
  m_ObjectHideFlags: 1
  m_CorrespondingSourceObject: {fileID: 0}
  m_PrefabInternal: {fileID: 100100000}
  m_GameObject: {fileID: 1614055822049468}
  m_Mesh: {fileID: 4300050, guid: f46cc20478df89e4c99c102c9416e4a6, type: 3}
--- !u!33 &33222586404499174
MeshFilter:
  m_ObjectHideFlags: 1
  m_CorrespondingSourceObject: {fileID: 0}
  m_PrefabInternal: {fileID: 100100000}
  m_GameObject: {fileID: 1093159392412174}
  m_Mesh: {fileID: 4300016, guid: f46cc20478df89e4c99c102c9416e4a6, type: 3}
--- !u!33 &33226541085181358
MeshFilter:
  m_ObjectHideFlags: 1
  m_CorrespondingSourceObject: {fileID: 0}
  m_PrefabInternal: {fileID: 100100000}
  m_GameObject: {fileID: 1367050658761148}
  m_Mesh: {fileID: 4300032, guid: f46cc20478df89e4c99c102c9416e4a6, type: 3}
--- !u!33 &33381218482805910
MeshFilter:
  m_ObjectHideFlags: 1
  m_CorrespondingSourceObject: {fileID: 0}
  m_PrefabInternal: {fileID: 100100000}
  m_GameObject: {fileID: 1385360542269358}
  m_Mesh: {fileID: 4300042, guid: f46cc20478df89e4c99c102c9416e4a6, type: 3}
--- !u!33 &33394302408452548
MeshFilter:
  m_ObjectHideFlags: 1
  m_CorrespondingSourceObject: {fileID: 0}
  m_PrefabInternal: {fileID: 100100000}
  m_GameObject: {fileID: 1118439174999888}
  m_Mesh: {fileID: 4300050, guid: f46cc20478df89e4c99c102c9416e4a6, type: 3}
--- !u!33 &33403452396184142
MeshFilter:
  m_ObjectHideFlags: 1
  m_CorrespondingSourceObject: {fileID: 0}
  m_PrefabInternal: {fileID: 100100000}
  m_GameObject: {fileID: 1272694142083014}
  m_Mesh: {fileID: 4300012, guid: f46cc20478df89e4c99c102c9416e4a6, type: 3}
--- !u!33 &33519142328957128
MeshFilter:
  m_ObjectHideFlags: 1
  m_CorrespondingSourceObject: {fileID: 0}
  m_PrefabInternal: {fileID: 100100000}
  m_GameObject: {fileID: 1151715702138996}
  m_Mesh: {fileID: 4300044, guid: f46cc20478df89e4c99c102c9416e4a6, type: 3}
--- !u!33 &33519630566376122
MeshFilter:
  m_ObjectHideFlags: 1
  m_CorrespondingSourceObject: {fileID: 0}
  m_PrefabInternal: {fileID: 100100000}
  m_GameObject: {fileID: 1676528536525474}
  m_Mesh: {fileID: 4300036, guid: f46cc20478df89e4c99c102c9416e4a6, type: 3}
--- !u!33 &33601586437440388
MeshFilter:
  m_ObjectHideFlags: 1
  m_CorrespondingSourceObject: {fileID: 0}
  m_PrefabInternal: {fileID: 100100000}
  m_GameObject: {fileID: 1538905422919296}
  m_Mesh: {fileID: 4300020, guid: f46cc20478df89e4c99c102c9416e4a6, type: 3}
--- !u!33 &33616698605926572
MeshFilter:
  m_ObjectHideFlags: 1
  m_CorrespondingSourceObject: {fileID: 0}
  m_PrefabInternal: {fileID: 100100000}
  m_GameObject: {fileID: 1141875796926268}
  m_Mesh: {fileID: 4300018, guid: f46cc20478df89e4c99c102c9416e4a6, type: 3}
--- !u!33 &33648460534668724
MeshFilter:
  m_ObjectHideFlags: 1
  m_CorrespondingSourceObject: {fileID: 0}
  m_PrefabInternal: {fileID: 100100000}
  m_GameObject: {fileID: 1448966832274232}
  m_Mesh: {fileID: 4300046, guid: f46cc20478df89e4c99c102c9416e4a6, type: 3}
--- !u!33 &33767923436861344
MeshFilter:
  m_ObjectHideFlags: 1
  m_CorrespondingSourceObject: {fileID: 0}
  m_PrefabInternal: {fileID: 100100000}
  m_GameObject: {fileID: 1455426710283536}
  m_Mesh: {fileID: 4300026, guid: f46cc20478df89e4c99c102c9416e4a6, type: 3}
--- !u!33 &33811487635702666
MeshFilter:
  m_ObjectHideFlags: 1
  m_CorrespondingSourceObject: {fileID: 0}
  m_PrefabInternal: {fileID: 100100000}
  m_GameObject: {fileID: 1631725026448486}
  m_Mesh: {fileID: 4300034, guid: f46cc20478df89e4c99c102c9416e4a6, type: 3}
--- !u!33 &33836830264557224
MeshFilter:
  m_ObjectHideFlags: 1
  m_CorrespondingSourceObject: {fileID: 0}
  m_PrefabInternal: {fileID: 100100000}
  m_GameObject: {fileID: 1695540299907600}
  m_Mesh: {fileID: 4300030, guid: f46cc20478df89e4c99c102c9416e4a6, type: 3}
--- !u!33 &33959859908721916
MeshFilter:
  m_ObjectHideFlags: 1
  m_CorrespondingSourceObject: {fileID: 0}
  m_PrefabInternal: {fileID: 100100000}
  m_GameObject: {fileID: 1632059221736554}
  m_Mesh: {fileID: 4300048, guid: f46cc20478df89e4c99c102c9416e4a6, type: 3}
